[{"title": "Clean & Clear Morning Energy Skin Energising Daily Facial Scrub", "product_code": "910000447784", "was_price": "4.00", "price": "3.00", "price_per_uom": "2.00/100", "volume": "150ml", "saver_label": null, "promo_rewards": null, "product_href": "https://groceries.asda.com/product/face-scrubs-exfoliators/clean-clear-morning-energy-skin-energising-daily-facial-scrub/910000447784"}, {"title": "L'Oreal Paris Infallible 24H Fresh Wear Foundation in a Powder Shade 375 Deep Amber", "product_code": "1000362425311", "was_price": null, "price": "13.95", "price_per_uom": "2.45/10", "volume": "57g", "saver_label": null, "promo_rewards": null, "product_href": "https://groceries.asda.com/product/foundation-bb-cc-cream/l-oreal-paris-infallible-24-h-fresh-wear-foundation-in-a-powder-shade-375-deep-amber/1000362425311"}, {"title": "Indus Biryani Recipe & Seasoning Mix", "product_code": "1000383112096", "was_price": "0.75", "price": "0.65", "price_per_uom": "13.0/10", "volume": "50g", "saver_label": null, "promo_rewards": null, "product_href": "https://groceries.asda.com/product/indian-asian-cooking-ingredients/indus-biryani-recipe-seasoning-mix/1000383112096"}, {"title": "Salt Jute Session IPA Cans", "product_code": "1000383165047", "was_price": null, "price": "6.00", "price_per_uom": "4.55/", "volume": "4x330", "saver_label": "Any 2 for \u00a310 View all", "promo_rewards": null, "product_href": "https://groceries.asda.com/product/ip-as/salt-jute-session-ipa-cans/1000383165047"}, {"title": "John Frieda Frizz-Ease Secret Agent Touch-Up Cr\u00e8me", "product_code": "26723", "was_price": "7.00", "price": "4.65", "price_per_uom": "4.65/100", "volume": "100ml", "saver_label": null, "promo_rewards": null, "product_href": "https://groceries.asda.com/product/root-touch-up-toner/john-frieda-frizz-ease-secret-agent-touch-up-creme/26723"}, {"title": "Lindt Classic Recipe Milk Hazelnuts 100g", "product_code": "1000383211172", "was_price": "2.00", "price": "1.60", "price_per_uom": "1.60/100", "volume": "100g", "saver_label": null, "promo_rewards": null, "product_href": "https://groceries.asda.com/product/sharing-chocolate-bars/lindt-classic-recipe-milk-hazelnuts-100-g/1000383211172"}, {"title": "Max Factor Colour Elixir Lipstick 090 English Rose", "product_code": "1000217105201", "was_price": null, "price": "9.98", "price_per_uom": "24.95/10", "volume": "4gr", "saver_label": "Any 2 for \u00a314 View all", "promo_rewards": null, "product_href": "https://groceries.asda.com/product/lipstick/max-factor-colour-elixir-lipstick-090-english-rose/1000217105201"}, {"title": "George Home Unicorn Age 4 Birthday Card", "product_code": "1000138208767", "was_price": null, "price": "1.50", "price_per_uom": "1.50/", "volume": "each", "saver_label": "Any 3 for \u00a33 View all", "promo_rewards": null, "product_href": "https://groceries.asda.com/product/greeting-cards/george-home-unicorn-age-4-birthday-card/1000138208767"}, {"title": "ASDA Extra Special Sauvignon Blanc", "product_code": "910001425242", "was_price": null, "price": "6.50", "price_per_uom": "6.50/753", "volume": "75cl", "saver_label": null, "promo_rewards": null, "product_href": "https://groceries.asda.com/product/sauvignon-blanc/asda-extra-special-sauvignon-blanc/910001425242"}, {"title": "ASDA  Kids Multivitamin Jellies Blackcurrant Flavour 1 a Day 3+ Years", "product_code": "1000210251462", "was_price": null, "price": "3.25", "price_per_uom": "10.8/", "volume": "30pk", "saver_label": "3 for 2 View all", "promo_rewards": null, "product_href": "https://groceries.asda.com/product/childrens-vitamins/asda-kids-multivitamin-jellies-blackcurrant-flavour-1-a-day-3-years/1000210251462"}, {"title": "Nutriburst TotalCare Plus Multivitamin Burst Mixed Berry Flavour 60 Gummies", "product_code": "1000383219442", "was_price": null, "price": "8.00", "price_per_uom": "13.3/", "volume": "60pk", "saver_label": "3 for 2 View all", "promo_rewards": "Super star", "product_href": "https://groceries.asda.com/product/adult-multivitamins/nutriburst-total-care-plus-multivitamin-burst-mixed-berry-flavour-60-gummies/1000383219442"}, {"title": "Fanta Orange Zero Cans", "product_code": "910000201384", "was_price": null, "price": "3.75", "price_per_uom": "14.2/100", "volume": "8x330", "saver_label": "Any 2 for \u00a37 View all", "promo_rewards": null, "product_href": "https://groceries.asda.com/product/fanta/fanta-orange-zero-cans/910000201384"}, {"title": "House of Yum by ASDA Jasmine Sticky Rice 300g", "product_code": "1000383193164", "was_price": null, "price": "2.50", "price_per_uom": "8.33/", "volume": "300g", "saver_label": null, "promo_rewards": null, "product_href": "https://groceries.asda.com/product/chinese-asian/house-of-yum-by-asda-jasmine-sticky-rice-300-g/1000383193164"}, {"title": "Rimmel London Lasting Finish 8HR Lip Liner 705 Cappuccino 1.2g", "product_code": "1000268010212", "was_price": null, "price": "3.95", "price_per_uom": "32.92/10", "volume": "1.2g", "saver_label": "Any 2 for \u00a37 View all", "promo_rewards": null, "product_href": "https://groceries.asda.com/product/lip-liners/rimmel-london-lasting-finish-8-hr-lip-liner-705-cappuccino-1-2-g/1000268010212"}, {"title": "ASDA Hazy Pale", "product_code": "1000383142146", "was_price": null, "price": "1.50", "price_per_uom": "4.55/", "volume": "330ml", "saver_label": "4 for 3 View all", "promo_rewards": null, "product_href": "https://groceries.asda.com/product/pale-ales/asda-hazy-pale/1000383142146"}, {"title": "The BAKERY at ASDA Vanilla Flavour Cheesecake", "product_code": "1000036011484", "was_price": "4.50", "price": "3.50", "price_per_uom": "70.0/100", "volume": "500g", "saver_label": null, "promo_rewards": null, "product_href": "https://groceries.asda.com/product/cheesecakes-trifles/the-bakery-at-asda-vanilla-flavour-cheesecake/1000036011484"}, {"title": "Siren Craft Brew Tropical IPA 440ml", "product_code": "1000313397474", "was_price": null, "price": "3.00", "price_per_uom": "6.82/", "volume": "440ml", "saver_label": "4 for 3 View all", "promo_rewards": null, "product_href": "https://groceries.asda.com/product/pale-ales/siren-craft-brew-tropical-ipa-440-ml/1000313397474"}, {"title": "Fox's Favourites Crunch Creams Golden 200g", "product_code": "1000354397132", "was_price": "1.25", "price": "0.90", "price_per_uom": "45.0/100", "volume": "200g", "saver_label": null, "promo_rewards": null, "product_href": "https://groceries.asda.com/product/plain-biscuits/foxs-favourites-crunch-creams-golden-200-g/1000354397132"}, {"title": "OMV! Deliciously Vegan Mushroom Carbonara 380g", "product_code": "1000383207598", "was_price": null, "price": "2.85", "price_per_uom": "7.50/", "volume": "380g", "saver_label": "Any 2 for \u00a35 View all", "promo_rewards": null, "product_href": "https://groceries.asda.com/product/vegan-ready-meals-soup/omv-deliciously-vegan-mushroom-carbonara-380-g/1000383207598"}, {"title": "Kellogg's Corn Flakes Breakfast Cereal", "product_code": "910000043501", "was_price": "4.00", "price": "3.60", "price_per_uom": "36.0/100", "volume": "1kg", "saver_label": null, "promo_rewards": null, "product_href": "https://groceries.asda.com/product/cornflakes-honey-nut/kelloggs-corn-flakes-breakfast-cereal/910000043501"}, {"title": "Schwarzkopf Oleo Intense Light Copper Brown 5-77 Permanent Colour", "product_code": "1000383182022", "was_price": null, "price": "8.00", "price_per_uom": "8.00/", "volume": "each", "saver_label": "Any 2 for \u00a312 View all", "promo_rewards": null, "product_href": "https://groceries.asda.com/product/permanent-hair-dye/schwarzkopf-oleo-intense-light-copper-brown-5-77-permanent-colour/1000383182022"}, {"title": "Bulldog Skincare For Men Sensitive Face Wash", "product_code": "910002269943", "was_price": "5.00", "price": "3.35", "price_per_uom": "2.23/100", "volume": "150ml", "saver_label": null, "promo_rewards": null, "product_href": "https://groceries.asda.com/product/mens-face-wash-scrubs/bulldog-skincare-for-men-sensitive-face-wash/910002269943"}, {"title": "Garnier Nutrisse Ultra Cr\u00e8me Permanent Hair Dye Very Light Pearly Blonde", "product_code": "1000383118112", "was_price": null, "price": "8.00", "price_per_uom": "8.00/", "volume": "each", "saver_label": "Any 2 for \u00a312 View all", "promo_rewards": null, "product_href": "https://groceries.asda.com/product/permanent-hair-dye/garnier-nutrisse-ultra-creme-permanent-hair-dye-very-light-pearly-blonde/1000383118112"}, {"title": "Tampax Pearl Compak Super Plus Tampons With Applicator X 16", "product_code": "1000383118644", "was_price": null, "price": "3.25", "price_per_uom": "20.3/", "volume": "16pk", "saver_label": "Any 2 for \u00a35.50 View all", "promo_rewards": null, "product_href": "https://groceries.asda.com/product/tampons/tampax-pearl-compak-super-plus-tampons-with-applicator-x-16/1000383118644"}, {"title": "Culinare Safety Peeler", "product_code": "1000238980232", "was_price": "3.50", "price": "2.00", "price_per_uom": "2.00/", "volume": "each", "saver_label": null, "promo_rewards": null, "product_href": "https://groceries.asda.com/product/cooking-utensils-food-preparation/culinare-safety-peeler/1000238980232"}, {"title": "Skinny Dream 5 x 24g", "product_code": "1000383216151", "was_price": "1.75", "price": "1.00", "price_per_uom": "83.3/100", "volume": "5x24g", "saver_label": null, "promo_rewards": null, "product_href": "https://groceries.asda.com/product/multipack-chocolate/skinny-dream-5-x-24-g/1000383216151"}, {"title": "Bistro by ASDA Spaghetti Pancetta Carbonara 400g", "product_code": "1000383192321", "was_price": null, "price": "4.00", "price_per_uom": "10.00/", "volume": "400g", "saver_label": "Any 2 for \u00a37 View all", "promo_rewards": null, "product_href": "https://groceries.asda.com/product/bistro-by-asda/bistro-by-asda-spaghetti-pancetta-carbonara-400-g/1000383192321"}, {"title": "Gillette Fusion5 Ultra Moisturising Men's Shaving Gel", "product_code": "1000010348138", "was_price": "3.30", "price": "2.20", "price_per_uom": "1.10/100", "volume": "200ml", "saver_label": null, "promo_rewards": null, "product_href": "https://groceries.asda.com/product/mens-shaving-gel-foam-balm/gillette-fusion-5-ultra-moisturising-mens-shaving-gel/1000010348138"}, {"title": "Sprite Mini Can", "product_code": "37009", "was_price": null, "price": "0.60", "price_per_uom": "40.0/100", "volume": "150ml", "saver_label": "Any 5 for \u00a32 View all", "promo_rewards": null, "product_href": "https://groceries.asda.com/product/mixers/sprite-mini-can/37009"}, {"title": "Bodyform Cour-V Ultra Normal Scented Sanitary Towels Wings 10 pack", "product_code": "1000383173706", "was_price": "1.30", "price": "1.00", "price_per_uom": "10.0/", "volume": "10pk", "saver_label": null, "promo_rewards": null, "product_href": "https://groceries.asda.com/product/sanitary-towels-pads/bodyform-cour-v-ultra-normal-scented-sanitary-towels-wings-10-pack/1000383173706"}, {"title": "Always Discreet Incontinence Pads  Long for Sensitive Bladder", "product_code": "910002653027", "was_price": "2.75", "price": "2.50", "price_per_uom": "25.0/", "volume": "10pk", "saver_label": null, "promo_rewards": null, "product_href": "https://groceries.asda.com/product/pads/always-discreet-incontinence-pads-long-for-sensitive-bladder/910002653027"}, {"title": "HiPP Cheesy Potato & Spinach Bake Baby Food Jar 6+ Months", "product_code": "41123184", "was_price": null, "price": "0.95", "price_per_uom": "76.0/100", "volume": "125g", "saver_label": "Any 5 for \u00a34 View all", "promo_rewards": null, "product_href": "https://groceries.asda.com/product/hi-pp-baby-food/hi-pp-cheesy-potato-spinach-bake-baby-food-jar-6-months/41123184"}, {"title": "Glade Lavender & Jasmine Solid Gel Air Freshener", "product_code": "42949028", "was_price": null, "price": "1.50", "price_per_uom": "1.50/", "volume": "150g", "saver_label": "Any 3 for \u00a33.30 View all", "promo_rewards": null, "product_href": "https://groceries.asda.com/product/gel-block-air-fresheners/glade-lavender-jasmine-solid-gel-air-freshener/42949028"}, {"title": "When in Rome Pinot Grigio White Wine 187ml", "product_code": "1000383221420", "was_price": null, "price": "2.75", "price_per_uom": "11.03/753", "volume": "18.7cl", "saver_label": "4 for 3 View all", "promo_rewards": null, "product_href": "https://groceries.asda.com/product/mini-wines/when-in-rome-pinot-grigio-white-wine-187-ml/1000383221420"}, {"title": "The Gym Kitchen Chicken Tikka", "product_code": "1000159725338", "was_price": null, "price": "3.75", "price_per_uom": "9.38/", "volume": "400g", "saver_label": "Any 2 for \u00a36 View all", "promo_rewards": null, "product_href": "https://groceries.asda.com/product/chinese-asian/the-gym-kitchen-chicken-tikka/1000159725338"}, {"title": "Gourmet Gold Tinned Cat Food Savoury Cake Chicken", "product_code": "1000143334789", "was_price": null, "price": "0.70", "price_per_uom": "8.24/", "volume": "85g", "saver_label": "Any 5 for \u00a32.90 View all", "promo_rewards": null, "product_href": "https://groceries.asda.com/product/premium-wet-cat-food/gourmet-gold-tinned-cat-food-savoury-cake-chicken/1000143334789"}, {"title": "Max Factor Lash Revival Mascara, Shade Black Brown 002", "product_code": "1000217105246", "was_price": null, "price": "12.98", "price_per_uom": "11.80/10", "volume": "11ml", "saver_label": "Any 2 for \u00a314 View all", "promo_rewards": null, "product_href": "https://groceries.asda.com/product/mascara/max-factor-lash-revival-mascara-shade-black-brown-002/1000217105246"}, {"title": "Garnier Olia 6.0 Light Brown Permanent Hair Dye", "product_code": "910000862421", "was_price": null, "price": "10.00", "price_per_uom": "10.00/", "volume": "each", "saver_label": "Any 2 for \u00a315 View all", "promo_rewards": null, "product_href": "https://groceries.asda.com/product/permanent-hair-dye/garnier-olia-6-0-light-brown-permanent-hair-dye/910000862421"}, {"title": "Bisto Best Reduced Salt Beef Gravy Granules", "product_code": "1000383135879", "was_price": "4.00", "price": "3.00", "price_per_uom": "1.30/100", "volume": "230g", "saver_label": null, "promo_rewards": null, "product_href": "https://groceries.asda.com/product/gravy/bisto-best-reduced-salt-beef-gravy-granules/1000383135879"}, {"title": "Rimmel London Exaggerate Waterproof Eye Definer Noir", "product_code": "910000050654", "was_price": null, "price": "6.95", "price_per_uom": "19.86/10", "volume": "3.5ml", "saver_label": null, "promo_rewards": null, "product_href": "https://groceries.asda.com/product/eyeliner/rimmel-london-exaggerate-waterproof-eye-definer-noir/910000050654"}, {"title": "Oshee Robert Lewandowski Edition Vitamin Water Magnesium + B6", "product_code": "1000050693164", "was_price": "1.35", "price": "1.00", "price_per_uom": "18.0/100", "volume": "555ml", "saver_label": null, "promo_rewards": null, "product_href": "https://groceries.asda.com/product/view-all-eastern-european-food/oshee-robert-lewandowski-edition-vitamin-water-magnesium-b-6/1000050693164"}, {"title": "Heinz Chicken Noodle Soup", "product_code": "13486741", "was_price": null, "price": "1.70", "price_per_uom": "42.5/100", "volume": "400g", "saver_label": "Any 4 for \u00a34 View all", "promo_rewards": null, "product_href": "https://groceries.asda.com/product/tinned-soup/heinz-chicken-noodle-soup/13486741"}, {"title": "ASDA Bistro 6 Tempura King Prawns 150g", "product_code": "1000383191455", "was_price": null, "price": "4.00", "price_per_uom": "26.67/", "volume": "150g", "saver_label": null, "promo_rewards": null, "product_href": "https://groceries.asda.com/product/bistro-by-asda/asda-bistro-6-tempura-king-prawns-150-g/1000383191455"}, {"title": "Clairol Nice'n Easy Non Permanent Hair Dye No Ammonia Medium Brown 765", "product_code": "1000102025668", "was_price": null, "price": "5.50", "price_per_uom": "5.50/", "volume": "each", "saver_label": "Any 2 for \u00a39 View all", "promo_rewards": null, "product_href": "https://groceries.asda.com/product/semi-permanent-hair-dye/clairol-nicen-easy-non-permanent-hair-dye-no-ammonia-medium-brown-765/1000102025668"}, {"title": "Jahan 12 Charcoal Cooked Chicken Kebabs", "product_code": "1000286860981", "was_price": "4.50", "price": "4.15", "price_per_uom": "6.92/", "volume": "600g", "saver_label": null, "promo_rewards": null, "product_href": "https://groceries.asda.com/product/breasts-drumsticks-portions/jahan-12-charcoal-cooked-chicken-kebabs/1000286860981"}, {"title": "ASDA Chicken Mayo on Malted Bread", "product_code": "1000383175762", "was_price": null, "price": "2.00", "price_per_uom": "2.00/", "volume": "each", "saver_label": "3 for 2 View all", "promo_rewards": null, "product_href": "https://groceries.asda.com/product/sandwiches-salads-sushi/asda-chicken-mayo-on-malted-bread/1000383175762"}, {"title": "Shark Anti Hair Wrap Corded Vacuum Cleaner HZ500UK", "product_code": "1000242609404", "was_price": "179.99", "price": "149.00", "price_per_uom": "149.00/", "volume": "each", "saver_label": null, "promo_rewards": null, "product_href": "https://groceries.asda.com/product/floor-cleaning-essentials/shark-anti-hair-wrap-corded-vacuum-cleaner-hz-500-uk/1000242609404"}, {"title": "Kiddylicious Cheesy Popped Hoops 3+ Years", "product_code": "1000280211499", "was_price": "2.50", "price": "2.20", "price_per_uom": "4.40/100", "volume": "5x10g", "saver_label": null, "promo_rewards": null, "product_href": "https://groceries.asda.com/product/kids-snacks-3-years/kiddylicious-cheesy-popped-hoops-3-years/1000280211499"}, {"title": "Roosters Brewery Pineapple & Grapefruit IPA", "product_code": "1000383163754", "was_price": null, "price": "3.00", "price_per_uom": "6.82/", "volume": "440ml", "saver_label": "4 for 3 View all", "promo_rewards": null, "product_href": "https://groceries.asda.com/product/ip-as/roosters-brewery-pineapple-grapefruit-ipa/1000383163754"}, {"title": "Rimmel London Lasting Finish Lipstick 206 Nude Pink", "product_code": "910000343575", "was_price": null, "price": "5.95", "price_per_uom": "14.88/10", "volume": "4gr", "saver_label": null, "promo_rewards": null, "product_href": "https://groceries.asda.com/product/lipstick/rimmel-london-lasting-finish-lipstick-206-nude-pink/910000343575"}, {"title": "Gigantosaurus by Jonny Duddle", "product_code": "1000383228313", "was_price": null, "price": "4.00", "price_per_uom": "4.00/", "volume": "each", "saver_label": "Any 2 for \u00a37 View all", "promo_rewards": null, "product_href": "https://groceries.asda.com/product/kids-books/gigantosaurus-by-jonny-duddle/1000383228313"}, {"title": "Me To You Get Well Card", "product_code": "1000383220957", "was_price": null, "price": "1.50", "price_per_uom": "1.50/", "volume": "each", "saver_label": "Any 3 for \u00a33 View all", "promo_rewards": null, "product_href": "https://groceries.asda.com/product/greeting-cards/me-to-you-get-well-card/1000383220957"}, {"title": "Quorn Vegetarian 2 Garlic & Mushroom Escalopes", "product_code": "910000869722", "was_price": null, "price": "2.65", "price_per_uom": "11.04/", "volume": "240g", "saver_label": "Any 3 for \u00a35 View all", "promo_rewards": null, "product_href": "https://groceries.asda.com/product/sausages-burgers-grills/quorn-vegetarian-2-garlic-mushroom-escalopes/910000869722"}, {"title": "John Frieda Sheer Blonde Go Blonder Lightening Conditioner", "product_code": "910002549872", "was_price": null, "price": "7.00", "price_per_uom": "2.80/100", "volume": "250ml", "saver_label": null, "promo_rewards": null, "product_href": "https://groceries.asda.com/product/conditioner/john-frieda-sheer-blonde-go-blonder-lightening-conditioner/910002549872"}, {"title": "ScentSationals Caribbean Clouds Wax Cubes", "product_code": "1000383147793", "was_price": null, "price": "2.00", "price_per_uom": "2.00/", "volume": "each", "saver_label": "Any 3 for \u00a35 View all", "promo_rewards": null, "product_href": "https://groceries.asda.com/product/wax-cubes-and-burners/scent-sationals-caribbean-clouds-wax-cubes/1000383147793"}, {"title": "Calafia Deliciously Sweet Moscatel", "product_code": "910001352530", "was_price": null, "price": "6.00", "price_per_uom": "6.00/753", "volume": "75cl", "saver_label": null, "promo_rewards": null, "product_href": "https://groceries.asda.com/product/all-other-grapes/calafia-deliciously-sweet-moscatel/910001352530"}, {"title": "Ben's Original Coconut Microwave Rice", "product_code": "1000383175203", "was_price": "1.40", "price": "1.00", "price_per_uom": "4.55/", "volume": "220g", "saver_label": null, "promo_rewards": null, "product_href": "https://groceries.asda.com/product/flavoured-microwave-rice/bens-original-coconut-microwave-rice/1000383175203"}, {"title": "Tropicana Orange & Mango Juice", "product_code": "910001784175", "was_price": null, "price": "1.85", "price_per_uom": "61.7/100", "volume": "300ml", "saver_label": "3 for 2 View all", "promo_rewards": null, "product_href": "https://groceries.asda.com/product/drinks/tropicana-orange-mango-juice/910001784175"}, {"title": "George Home Skipping Ropes", "product_code": "1000383202794", "was_price": null, "price": "1.50", "price_per_uom": "37.5/", "volume": "4pk", "saver_label": "Any 4 for \u00a35 View all", "promo_rewards": null, "product_href": "https://groceries.asda.com/product/bags-fillers-invites/george-home-skipping-ropes/1000383202794"}, {"title": "ASDA Sweet Chilli Chicken Breast Strips 350g", "product_code": "1000383184714", "was_price": null, "price": "3.50", "price_per_uom": "10.00/", "volume": "350g", "saver_label": "Any 3 for \u00a310 View all", "promo_rewards": null, "product_href": "https://groceries.asda.com/product/breasts-drumsticks-portions/asda-sweet-chilli-chicken-breast-strips-350-g/1000383184714"}, {"title": "Fairy Original All In One Dishwasher Tablets, Lemon, 60 Capsules", "product_code": "1000383163050", "was_price": "10.00", "price": "8.00", "price_per_uom": "13.3/", "volume": "60pk", "saver_label": null, "promo_rewards": null, "product_href": "https://groceries.asda.com/product/dishwasher-tablets/fairy-original-all-in-one-dishwasher-tablets-lemon-60-capsules/1000383163050"}, {"title": "ASDA Ripe & Sweet Strawberries", "product_code": "1000060080329", "was_price": null, "price": "2.89", "price_per_uom": "4.82/", "volume": "600g", "saver_label": null, "promo_rewards": null, "product_href": "https://groceries.asda.com/product/berries-cherries/asda-ripe-sweet-strawberries/1000060080329"}, {"title": "ASDA Thick Bleach Citrus Burst", "product_code": "1000378288647", "was_price": null, "price": "0.70", "price_per_uom": "93.3/", "volume": "750ml", "saver_label": null, "promo_rewards": null, "product_href": "https://groceries.asda.com/product/bleach-disinfectants/asda-thick-bleach-citrus-burst/1000378288647"}, {"title": "Hoegaarden Belgian Wheat Beer Bottle", "product_code": "28815", "was_price": null, "price": "3.75", "price_per_uom": "5.00/", "volume": "750ml", "saver_label": "4 for 3 View all", "promo_rewards": null, "product_href": "https://groceries.asda.com/product/speciality-world-craft-beer/hoegaarden-belgian-wheat-beer-bottle/28815"}, {"title": "Vitabiotics Pregnacare Breast-Feeding Capsules", "product_code": "910002385909", "was_price": null, "price": "15.99", "price_per_uom": "15.99/", "volume": "84pc", "saver_label": "3 for 2 View all", "promo_rewards": null, "product_href": "https://groceries.asda.com/product/womens-vitamins/vitabiotics-pregnacare-breast-feeding-capsules/910002385909"}, {"title": "Aveeno Daily Moisturising Lotion", "product_code": "910002823751", "was_price": "8.90", "price": "6.40", "price_per_uom": "2.13/100", "volume": "300", "saver_label": null, "promo_rewards": null, "product_href": "https://groceries.asda.com/product/body-lotion-cream/aveeno-daily-moisturising-lotion/910002823751"}, {"title": "Vaseline Intensive Care Cocoa Radiant Body Lotion", "product_code": "910001501615", "was_price": "4.85", "price": "3.25", "price_per_uom": "81.2/100", "volume": "400ml", "saver_label": null, "promo_rewards": null, "product_href": "https://groceries.asda.com/product/body-lotion-cream/vaseline-intensive-care-cocoa-radiant-body-lotion/910001501615"}, {"title": "Rimmel London Soft Kohl Kajal Eye Liner Pencil Jungle Green", "product_code": "432282", "was_price": null, "price": "2.95", "price_per_uom": "24.58/10", "volume": "1.2g", "saver_label": null, "promo_rewards": null, "product_href": "https://groceries.asda.com/product/eyeliner/rimmel-london-soft-kohl-kajal-eye-liner-pencil-jungle-green/432282"}, {"title": "John Frieda Shimmering Silver Shampoo for Dull Grey or White Hair 250ml", "product_code": "1000383210169", "was_price": null, "price": "7.00", "price_per_uom": "2.80/100", "volume": "250ml", "saver_label": null, "promo_rewards": null, "product_href": "https://groceries.asda.com/product/shampoo/john-frieda-shimmering-silver-shampoo-for-dull-grey-or-white-hair-250-ml/1000383210169"}, {"title": "Head & Shoulders Dermaxpro Soothing Itchy Scalp Anti-Dandruff Shampoo", "product_code": "1000347882230", "was_price": "6.00", "price": "4.00", "price_per_uom": "1.33/100", "volume": "300ml", "saver_label": null, "promo_rewards": null, "product_href": "https://groceries.asda.com/product/anti-dandruff-scalp-care/head-shoulders-dermaxpro-soothing-itchy-scalp-anti-dandruff-shampoo/1000347882230"}, {"title": "Peppa Pig: Daddy Pig's Surprise: A Lift-the-Flap Book by Peppa Pig", "product_code": "1000383244204", "was_price": null, "price": "4.50", "price_per_uom": "4.50/", "volume": "each", "saver_label": "Any 2 for \u00a37 View all", "promo_rewards": null, "product_href": "https://groceries.asda.com/product/kids-books/peppa-pig-daddy-pigs-surprise-a-lift-the-flap-book-by-peppa-pig/1000383244204"}, {"title": "George Home Natural Ultra Plush Antimicrobial Bath Towel", "product_code": "1000383206360", "was_price": "8.00", "price": "6.00", "price_per_uom": "6.00/", "volume": "70x130", "saver_label": null, "promo_rewards": null, "product_href": "https://groceries.asda.com/product/bath-towels/george-home-natural-ultra-plush-antimicrobial-bath-towel/1000383206360"}, {"title": "Canescool Intimate Care Soothing Cream Gel 35g", "product_code": "1000383186773", "was_price": "10.00", "price": "7.50", "price_per_uom": "21.43/100", "volume": "35g", "saver_label": null, "promo_rewards": null, "product_href": "https://groceries.asda.com/product/intimate-care-discomfort/canescool-intimate-care-soothing-cream-gel-35-g/1000383186773"}, {"title": "Smirnoff Ice Original", "product_code": "1000000479264", "was_price": null, "price": "3.50", "price_per_uom": "5.00/", "volume": "70cl", "saver_label": "Any 2 for \u00a36 View all", "promo_rewards": null, "product_href": "https://groceries.asda.com/product/pre-mixed-drinks/smirnoff-ice-original/1000000479264"}, {"title": "Sharwood's Chinese Medium Curry Cooking Sauce", "product_code": "910000023333", "was_price": "1.75", "price": "1.50", "price_per_uom": "35.3/100", "volume": "425g", "saver_label": null, "promo_rewards": null, "product_href": "https://groceries.asda.com/product/curry-cooking-sauces-pastes/sharwoods-chinese-medium-curry-cooking-sauce/910000023333"}, {"title": "Clairol Nice'n Easy No Ammonia Hair Dye, 84 Darkest Brown", "product_code": "1000257120558", "was_price": null, "price": "5.50", "price_per_uom": "5.50/", "volume": "each", "saver_label": "Any 2 for \u00a39 View all", "promo_rewards": null, "product_href": "https://groceries.asda.com/product/semi-permanent-hair-dye/clairol-nicen-easy-no-ammonia-hair-dye-84-darkest-brown/1000257120558"}, {"title": "Febreze Bathroom Continuous Air Freshener Vanilla & Magnolia", "product_code": "1000186791466", "was_price": null, "price": "2.50", "price_per_uom": "2.50/", "volume": "each", "saver_label": "Any 3 for \u00a36 View all", "promo_rewards": null, "product_href": "https://groceries.asda.com/product/gel-block-air-fresheners/febreze-bathroom-continuous-air-freshener-vanilla-magnolia/1000186791466"}, {"title": "ASDA Mini Footballs", "product_code": "1000254854087", "was_price": null, "price": "1.50", "price_per_uom": "37.5/", "volume": "4pk", "saver_label": "Any 4 for \u00a35 View all", "promo_rewards": null, "product_href": "https://groceries.asda.com/product/bags-fillers-invites/asda-mini-footballs/1000254854087"}, {"title": "Ella's Kitchen Organic Apples First Tastes Baby Food Pouch 4+ Months", "product_code": "910000530569", "was_price": "0.90", "price": "0.85", "price_per_uom": "1.21/100", "volume": "70g", "saver_label": null, "promo_rewards": null, "product_href": "https://groceries.asda.com/product/pouches/ellas-kitchen-organic-apples-first-tastes-baby-food-pouch-4-months/910000530569"}, {"title": "Bodrum Plain Luxury Turkish Delight", "product_code": "910003157010", "was_price": "1.50", "price": "1.00", "price_per_uom": "50.0/100", "volume": "200g", "saver_label": null, "promo_rewards": null, "product_href": "https://groceries.asda.com/product/mediterranean-sweet-savoury-snacks/bodrum-plain-luxury-turkish-delight/910003157010"}, {"title": "Del Monte Mandarin Segments in Juice", "product_code": "910002579640", "was_price": "1.20", "price": "1.00", "price_per_uom": "5.71/", "volume": "300g", "saver_label": null, "promo_rewards": null, "product_href": "https://groceries.asda.com/product/tinned-fruit/del-monte-mandarin-segments-in-juice/910002579640"}, {"title": "Pepsi Max Caffeine Free 24 x 330ml", "product_code": "1000383156190", "was_price": null, "price": "10.50", "price_per_uom": "13.3/100", "volume": "24x330", "saver_label": "Any 3 for \u00a324 View all", "promo_rewards": null, "product_href": "https://groceries.asda.com/product/sugar-free-diet-cola/pepsi-max-caffeine-free-24-x-330-ml/1000383156190"}, {"title": "E45 Daily Cream Fast Absorbing 400ml", "product_code": "1000383217726", "was_price": "8.00", "price": "6.00", "price_per_uom": "1.50/100", "volume": "400ml", "saver_label": null, "promo_rewards": null, "product_href": "https://groceries.asda.com/product/dry-skin-care/e-45-daily-cream-fast-absorbing-400-ml/1000383217726"}, {"title": "George Home Blue Reactive Glaze Single Mug", "product_code": "1000229362758", "was_price": "3.50", "price": "2.50", "price_per_uom": "2.50/", "volume": "each", "saver_label": null, "promo_rewards": null, "product_href": "https://groceries.asda.com/product/single-mugs/george-home-blue-reactive-glaze-single-mug/1000229362758"}, {"title": "Indus Recipe & Seasoning Mix Chapli Kebab 50g", "product_code": "1000383195729", "was_price": "0.75", "price": "0.65", "price_per_uom": "13.00/", "volume": "50g", "saver_label": null, "promo_rewards": null, "product_href": "https://groceries.asda.com/product/indian-asian-cooking-ingredients/indus-recipe-seasoning-mix-chapli-kebab-50-g/1000383195729"}, {"title": "Max Factor Miracle Pure Nail Polish Sweet Plum", "product_code": "1000383115263", "was_price": null, "price": "7.98", "price_per_uom": "6.65/10", "volume": "12ml", "saver_label": "Any 2 for \u00a312 View all", "promo_rewards": null, "product_href": "https://groceries.asda.com/product/nail-polish/max-factor-miracle-pure-nail-polish-sweet-plum/1000383115263"}, {"title": "ASDA Chinese Inspired Pork Belly Slices 300g", "product_code": "1000383230213", "was_price": null, "price": "3.75", "price_per_uom": "10.42/", "volume": "300g", "saver_label": "Any 3 for \u00a310 View all", "promo_rewards": null, "product_href": "https://groceries.asda.com/product/beef-lamb-pork/asda-chinese-inspired-pork-belly-slices-300-g/1000383230213"}, {"title": "Yeo Valley Organic Greek Style Natural 4 x 110g", "product_code": "1000383145732", "was_price": "2.40", "price": "1.50", "price_per_uom": "34.1/100", "volume": "4x110g", "saver_label": null, "promo_rewards": null, "product_href": "https://groceries.asda.com/product/natural-greek-yogurts/yeo-valley-organic-greek-style-natural-4-x-110-g/1000383145732"}, {"title": "Rimmel London Lasting Finish 8HR Lip Liner 120 Pink Candy 1.2g", "product_code": "1000268010199", "was_price": null, "price": "3.95", "price_per_uom": "32.92/10", "volume": "1.2g", "saver_label": "Any 2 for \u00a37 View all", "promo_rewards": null, "product_href": "https://groceries.asda.com/product/lip-liners/rimmel-london-lasting-finish-8-hr-lip-liner-120-pink-candy-1-2-g/1000268010199"}, {"title": "Monster Pipeline Punch Energy Drink", "product_code": "1000025173467", "was_price": null, "price": "1.80", "price_per_uom": "36.0/100", "volume": "500ml", "saver_label": "3 for 2 View all", "promo_rewards": null, "product_href": "https://groceries.asda.com/product/energy-drinks/monster-pipeline-punch-energy-drink/1000025173467"}, {"title": "George Home Bold Die Cut Happy Birthday Card", "product_code": "1000380049959", "was_price": null, "price": "1.50", "price_per_uom": "1.50/", "volume": "each", "saver_label": "Any 3 for \u00a33 View all", "promo_rewards": null, "product_href": "https://groceries.asda.com/product/greeting-cards/george-home-bold-die-cut-happy-birthday-card/1000380049959"}, {"title": "ScentSationals Egyptian Cotton Wax Cubes", "product_code": "1000003249307", "was_price": null, "price": "2.00", "price_per_uom": "2.00/", "volume": "each", "saver_label": "Any 3 for \u00a35 View all", "promo_rewards": null, "product_href": "https://groceries.asda.com/product/wax-cubes-and-burners/scent-sationals-egyptian-cotton-wax-cubes/1000003249307"}, {"title": "Reign Razzle Berry Can", "product_code": "1000184133151", "was_price": "1.69", "price": "1.25", "price_per_uom": "25.0/100", "volume": "500ml", "saver_label": null, "promo_rewards": null, "product_href": "https://groceries.asda.com/product/energy-drinks/reign-razzle-berry-can/1000184133151"}, {"title": "Vitabiotics Liquid Plus", "product_code": "1000359494350", "was_price": null, "price": "9.50", "price_per_uom": "47.50/", "volume": "200ml", "saver_label": "3 for 2 View all", "promo_rewards": null, "product_href": "https://groceries.asda.com/product/energy-fatigue-vitamins/vitabiotics-liquid-plus/1000359494350"}, {"title": "Me To You From the Grandchildren Birthday Card", "product_code": "1000362424856", "was_price": null, "price": "1.50", "price_per_uom": "1.50/", "volume": "each", "saver_label": "Any 3 for \u00a33 View all", "promo_rewards": null, "product_href": "https://groceries.asda.com/product/greeting-cards/me-to-you-from-the-grandchildren-birthday-card/1000362424856"}, {"title": "Schweppes Tonic Water", "product_code": "31545310", "was_price": null, "price": "1.75", "price_per_uom": "17.5/100", "volume": "1l", "saver_label": "Any 2 for \u00a32.50 View all", "promo_rewards": null, "product_href": "https://groceries.asda.com/product/tonic-water/schweppes-tonic-water/31545310"}, {"title": "ASDA Mexican Inspired Beef Mince Kit 650g", "product_code": "1000383219867", "was_price": null, "price": "4.75", "price_per_uom": "7.31/", "volume": "650g", "saver_label": "Any 2 for \u00a38 View all", "promo_rewards": null, "product_href": "https://groceries.asda.com/product/beef-mince-meatballs/asda-mexican-inspired-beef-mince-kit-650-g/1000383219867"}, {"title": "Misfits Nasher Sticks Adult Large Dog Treats with Chicken and Beef", "product_code": "910000887679", "was_price": null, "price": "1.15", "price_per_uom": "4.26/", "volume": "7pk", "saver_label": "Any 3 for \u00a33 View all", "promo_rewards": null, "product_href": "https://groceries.asda.com/product/rewarding-treats/misfits-nasher-sticks-adult-large-dog-treats-with-chicken-and-beef/910000887679"}, {"title": "Grenade Protein Shake Chocolate Salted Caramel Flavour 330ml", "product_code": "1000383177880", "was_price": "2.25", "price": "2.00", "price_per_uom": "6.06/", "volume": "330ml", "saver_label": null, "promo_rewards": null, "product_href": "https://groceries.asda.com/product/protein-shakes-powders/grenade-protein-shake-chocolate-salted-caramel-flavour-330-ml/1000383177880"}, {"title": "Lindt Excellence Dark a Touch of Sea Salt Chocolate Bar", "product_code": "910001458044", "was_price": "2.75", "price": "2.15", "price_per_uom": "2.15/100", "volume": "100g", "saver_label": null, "promo_rewards": null, "product_href": "https://groceries.asda.com/product/sharing-chocolate-bars/lindt-excellence-dark-a-touch-of-sea-salt-chocolate-bar/910001458044"}, {"title": "Gallo Family Vineyards White Zinfandel", "product_code": "1273024", "was_price": "6.00", "price": "5.50", "price_per_uom": "5.50/753", "volume": "75cl", "saver_label": null, "promo_rewards": null, "product_href": "https://groceries.asda.com/product/rose-wine/gallo-family-vineyards-white-zinfandel/1273024"}, {"title": "Caves d'Esclans Whispering Angel The Beach Vin de Provence Ros\u00e9 750ml", "product_code": "1000383221379", "was_price": null, "price": "16.00", "price_per_uom": "16.00/753", "volume": "75cl", "saver_label": null, "promo_rewards": null, "product_href": "https://groceries.asda.com/product/rose-wine/caves-d-esclans-whispering-angel-the-beach-vin-de-provence-rose-750-ml/1000383221379"}, {"title": "Pizza Express Sloppy Giuseppe Spicy Beef 292g", "product_code": "1000383191994", "was_price": "5.50", "price": "2.60", "price_per_uom": "8.90/", "volume": "292g", "saver_label": null, "promo_rewards": null, "product_href": "https://groceries.asda.com/product/boxed-pizza/pizza-express-sloppy-giuseppe-spicy-beef-292-g/1000383191994"}, {"title": "L'Oreal Excellence Creme 9.1 Light Ash Blonde Permanent Hair Dye", "product_code": "910000283438", "was_price": null, "price": "10.00", "price_per_uom": "10.00/", "volume": "each", "saver_label": "Any 2 for \u00a314 View all", "promo_rewards": null, "product_href": "https://groceries.asda.com/product/permanent-hair-dye/l-oreal-excellence-creme-9-1-light-ash-blonde-permanent-hair-dye/910000283438"}, {"title": "Heinz Classic Passata", "product_code": "1000383170465", "was_price": "1.75", "price": "1.00", "price_per_uom": "2.00/", "volume": "500g", "saver_label": null, "promo_rewards": null, "product_href": "https://groceries.asda.com/product/passata-tomato-puree/heinz-classic-passata/1000383170465"}, {"title": "La Mora Maremma Toscana Rosso 750ml", "product_code": "1000383192384", "was_price": "10.00", "price": "8.50", "price_per_uom": "8.50/753", "volume": "75cl", "saver_label": null, "promo_rewards": null, "product_href": "https://groceries.asda.com/product/merlot/la-mora-maremma-toscana-rosso-750-ml/1000383192384"}, {"title": "Twinings Superblends Glow with Strawberry, Cucumber and Green Tea, 20 Tea Bags", "product_code": "1000009534959", "was_price": null, "price": "3.50", "price_per_uom": "8.75/100", "volume": "20x2g", "saver_label": null, "promo_rewards": null, "product_href": "https://groceries.asda.com/product/benefit-tea/twinings-superblends-glow-with-strawberry-cucumber-and-green-tea-20-tea-bags/1000009534959"}, {"title": "George Home Friend Birthday Card", "product_code": "1000383178352", "was_price": null, "price": "1.50", "price_per_uom": "1.50/", "volume": "each", "saver_label": "Any 3 for \u00a33 View all", "promo_rewards": null, "product_href": "https://groceries.asda.com/product/greeting-cards/george-home-friend-birthday-card/1000383178352"}, {"title": "Heinz Peppa Pig Pasta Shapes in Tomato Sauce", "product_code": "910000441372", "was_price": null, "price": "0.90", "price_per_uom": "4.39/", "volume": "205g", "saver_label": "Any 2 for \u00a31.50 View all", "promo_rewards": null, "product_href": "https://groceries.asda.com/product/tinned-pasta/heinz-peppa-pig-pasta-shapes-in-tomato-sauce/910000441372"}, {"title": "Budweiser Lager Beer Bottles 24 x 300ml", "product_code": "1000018541875", "was_price": "18.00", "price": "14.00", "price_per_uom": "1.94/", "volume": "24x300", "saver_label": null, "promo_rewards": null, "product_href": "https://groceries.asda.com/product/bottled-lagers/budweiser-lager-beer-bottles-24-x-300-ml/1000018541875"}, {"title": "Plenish Organic Almond Dairy Alternative Chilled Drink 1L", "product_code": "1000383168019", "was_price": "2.25", "price": "2.00", "price_per_uom": "2.00/", "volume": "1l", "saver_label": null, "promo_rewards": null, "product_href": "https://groceries.asda.com/product/oat-nut-drinks/plenish-organic-almond-dairy-alternative-chilled-drink-1-l/1000383168019"}, {"title": "ASDA Three Cheese & Onion", "product_code": "1000001431104", "was_price": null, "price": "1.85", "price_per_uom": "74.0/100", "volume": "250g", "saver_label": "Any 2 for \u00a33 View all", "promo_rewards": null, "product_href": "https://groceries.asda.com/product/sandwich-fillers/asda-three-cheese-onion/1000001431104"}, {"title": "Paperback Boys from Biloxi by John Grisham", "product_code": "1000383194441", "was_price": null, "price": "5.00", "price_per_uom": "5.00/", "volume": "each", "saver_label": "Any 2 for \u00a39 View all", "promo_rewards": null, "product_href": "https://groceries.asda.com/product/paperback-books/paperback-boys-from-biloxi-by-john-grisham/1000383194441"}, {"title": "ASDA 16 Chilli Cheese Bites", "product_code": "1000133331373", "was_price": null, "price": "2.00", "price_per_uom": "8.33/", "volume": "240g", "saver_label": "4 for 3 View all", "promo_rewards": null, "product_href": "https://groceries.asda.com/product/frozen-party-food/asda-16-chilli-cheese-bites/1000133331373"}, {"title": "Bodacious Red", "product_code": "1000103442739", "was_price": null, "price": "7.50", "price_per_uom": "7.50/753", "volume": "75cl", "saver_label": null, "promo_rewards": null, "product_href": "https://groceries.asda.com/product/all-other-grapes/bodacious-red/1000103442739"}, {"title": "House of Yum by ASDA Spicy King Prawn Szechuan 400g", "product_code": "1000383193253", "was_price": null, "price": "5.00", "price_per_uom": "12.50/", "volume": "400g", "saver_label": null, "promo_rewards": null, "product_href": "https://groceries.asda.com/product/chinese-asian/house-of-yum-by-asda-spicy-king-prawn-szechuan-400-g/1000383193253"}, {"title": "Nocco Focus Ramonade 330ml", "product_code": "1000383158994", "was_price": "2.00", "price": "1.25", "price_per_uom": "37.9/100", "volume": "330ml", "saver_label": null, "promo_rewards": null, "product_href": "https://groceries.asda.com/product/energy-drinks/nocco-focus-ramonade-330-ml/1000383158994"}, {"title": "Vitabiotics Wellbaby Vit D Drops Suitable from Birth to 4 Years 3", "product_code": "1000290068509", "was_price": null, "price": "5.00", "price_per_uom": "16.7/", "volume": "30pk", "saver_label": "3 for 2 View all", "promo_rewards": null, "product_href": "https://groceries.asda.com/product/childrens-vitamins/vitabiotics-wellbaby-vit-d-drops-suitable-from-birth-to-4-years-3/1000290068509"}, {"title": "Garnier Ultimate Blends Glowing Lengths Pineapple Hair Drink Lamellar Rinse Out Conditioner", "product_code": "1000383159293", "was_price": "10.00", "price": "5.00", "price_per_uom": "2.50/100", "volume": "200ml", "saver_label": null, "promo_rewards": null, "product_href": "https://groceries.asda.com/product/conditioner/garnier-ultimate-blends-glowing-lengths-pineapple-hair-drink-lamellar-rinse-out-conditioner/1000383159293"}, {"title": "Rowse Acacia Honey", "product_code": "910001382076", "was_price": "3.50", "price": "2.75", "price_per_uom": "1.10/100", "volume": "250g", "saver_label": null, "promo_rewards": null, "product_href": "https://groceries.asda.com/product/honey/rowse-acacia-honey/910001382076"}, {"title": "L'Oreal Preference Infinia P74 Mango Intense Copper Hair Dye", "product_code": "910002552710", "was_price": null, "price": "12.00", "price_per_uom": "12.00/", "volume": "each", "saver_label": "Any 2 for \u00a316 View all", "promo_rewards": null, "product_href": "https://groceries.asda.com/product/permanent-hair-dye/l-oreal-preference-infinia-p-74-mango-intense-copper-hair-dye/910002552710"}, {"title": "McGuigan Classic Red Blend", "product_code": "1000383215258", "was_price": null, "price": "5.25", "price_per_uom": "5.25/753", "volume": "75cl", "saver_label": "Any 2 for \u00a310 View all", "promo_rewards": null, "product_href": "https://groceries.asda.com/product/shiraz/mc-guigan-classic-red-blend/1000383215258"}, {"title": "ASDA Slow Cooked Sweet Chilli Mini Ribs 550g", "product_code": "1000383158712", "was_price": null, "price": "4.95", "price_per_uom": "9.00/", "volume": "550g", "saver_label": "Any 2 for \u00a38 View all", "promo_rewards": null, "product_href": "https://groceries.asda.com/product/slow-cooked/asda-slow-cooked-sweet-chilli-mini-ribs-550-g/1000383158712"}, {"title": "Colgate Triple Action Toothpaste", "product_code": "1000383162293", "was_price": null, "price": "0.99", "price_per_uom": "1.32/100", "volume": "75ml", "saver_label": null, "promo_rewards": null, "product_href": "https://groceries.asda.com/product/everyday-toothpaste/colgate-triple-action-toothpaste/1000383162293"}, {"title": "ASDA Red Pepper", "product_code": "18394014", "was_price": null, "price": "0.59", "price_per_uom": "59.0/", "volume": "each", "saver_label": null, "promo_rewards": null, "product_href": "https://groceries.asda.com/product/tomatoes-peppers/asda-red-pepper/18394014"}, {"title": "E45 Daily Cream Fast Absorbing 400ml", "product_code": "1000383217726", "was_price": "8.00", "price": "6.00", "price_per_uom": "1.50/100", "volume": "400ml", "saver_label": null, "promo_rewards": null, "product_href": "https://groceries.asda.com/product/dry-skin-care/e-45-daily-cream-fast-absorbing-400-ml/1000383217726"}, {"title": "Pampers Harmonie New Baby Nappies Size 2, 32 Nappies, 4kg-8kg, Essential Pack", "product_code": "1000383220662", "was_price": "9.00", "price": "5.00", "price_per_uom": "15.6/", "volume": "32pk", "saver_label": null, "promo_rewards": null, "product_href": "https://groceries.asda.com/product/newborn-nappies-size-0-1-2/pampers-harmonie-new-baby-nappies-size-2-32-nappies-4-kg-8-kg-essential-pack/1000383220662"}, {"title": "M\u00fcller Bliss Lemon Greek Style Whipped Yogurt", "product_code": "1000377031699", "was_price": "2.75", "price": "2.00", "price_per_uom": "47.6/100", "volume": "4x105g", "saver_label": null, "promo_rewards": null, "product_href": "https://groceries.asda.com/product/corner-yogurts/muller-bliss-lemon-greek-style-whipped-yogurt/1000377031699"}, {"title": "Heinz Lentil & Bacon Soup", "product_code": "910001176863", "was_price": null, "price": "1.70", "price_per_uom": "42.5/100", "volume": "400g", "saver_label": "Any 4 for \u00a34 View all", "promo_rewards": null, "product_href": "https://groceries.asda.com/product/tinned-soup/heinz-lentil-bacon-soup/910001176863"}, {"title": "Maybelline Fit Me Matte & Poreless Powder128 Warm Nude", "product_code": "910003126272", "was_price": null, "price": "8.00", "price_per_uom": "1.43/10", "volume": "56g", "saver_label": "Any 2 for \u00a312 View all", "promo_rewards": null, "product_href": "https://groceries.asda.com/product/powder/maybelline-fit-me-matte-poreless-powder-128-warm-nude/910003126272"}, {"title": "Muller Light Fat Free Banana and Custard Yogurt", "product_code": "1000116808339", "was_price": null, "price": "0.90", "price_per_uom": "56.2/100", "volume": "160g", "saver_label": "Any 10 for \u00a34.50 View all", "promo_rewards": null, "product_href": "https://groceries.asda.com/product/diet-low-fat-no-added-sugar-yogurts/muller-light-fat-free-banana-and-custard-yogurt/1000116808339"}, {"title": "ASDA Spicy 6 Mexican Inspired Pork Loin Sizzle Steaks 600g", "product_code": "1000383214021", "was_price": null, "price": "4.50", "price_per_uom": "7.50/", "volume": "600g", "saver_label": "Any 2 for \u00a38 View all", "promo_rewards": null, "product_href": "https://groceries.asda.com/product/pork-chops-steaks/asda-spicy-6-mexican-inspired-pork-loin-sizzle-steaks-600-g/1000383214021"}, {"title": "Maybelline Instant Anti Age Perfector 4-in-1 Glow Primer Glow Finish 00 Fair Light", "product_code": "1000383191981", "was_price": null, "price": "14.00", "price_per_uom": "70.0/10", "volume": "200ml", "saver_label": "Any 2 for \u00a316 View all", "promo_rewards": null, "product_href": "https://groceries.asda.com/product/primer/maybelline-instant-anti-age-perfector-4-in-1-glow-primer-glow-finish-00-fair-light/1000383191981"}, {"title": "Peppa Pig Tattle Tales by Phidal Publishing", "product_code": "1000240187262", "was_price": null, "price": "4.50", "price_per_uom": "4.50/", "volume": "each", "saver_label": "Any 2 for \u00a37 View all", "promo_rewards": null, "product_href": "https://groceries.asda.com/product/kids-books/peppa-pig-tattle-tales-by-phidal-publishing/1000240187262"}, {"title": "Mr Muscle Max Gel Drain Unblocker", "product_code": "1000013651975", "was_price": null, "price": "4.50", "price_per_uom": "4.50/", "volume": "1l", "saver_label": "Any 2 for \u00a37 View all", "promo_rewards": null, "product_href": "https://groceries.asda.com/product/limescale-remover-drain-unblocker/mr-muscle-max-gel-drain-unblocker/1000013651975"}, {"title": "Maybelline Lifter Gloss Plumping Hydrating Lip Gloss Hyaluronic Acid 004 Silk", "product_code": "1000291371072", "was_price": null, "price": "9.00", "price_per_uom": "16.67/10", "volume": "5.4ml", "saver_label": "Any 2 for \u00a312 View all", "promo_rewards": null, "product_href": "https://groceries.asda.com/product/lip-gloss/maybelline-lifter-gloss-plumping-hydrating-lip-gloss-hyaluronic-acid-004-silk/1000291371072"}, {"title": "Head & Shoulders Apple Fresh Anti-Dandruff Shampoo For Dry Hair And Scalp", "product_code": "1000383119238", "was_price": null, "price": "5.00", "price_per_uom": "1.25/100", "volume": "400ml", "saver_label": "Any 3 for \u00a310 View all", "promo_rewards": null, "product_href": "https://groceries.asda.com/product/shampoo/head-shoulders-apple-fresh-anti-dandruff-shampoo-for-dry-hair-and-scalp/1000383119238"}, {"title": "ASDA Omega 3, 6 & 9 Heart Health 60 Capsules", "product_code": "1000203425052", "was_price": null, "price": "4.50", "price_per_uom": "7.5/", "volume": "60pk", "saver_label": "3 for 2 View all", "promo_rewards": null, "product_href": "https://groceries.asda.com/product/omegas-heart-health-vitamins/asda-omega-3-6-9-heart-health-60-capsules/1000203425052"}, {"title": "Tropicana Pure Smooth Orange 1.5L", "product_code": "1000383219059", "was_price": "4.00", "price": "3.00", "price_per_uom": "20.0/100", "volume": "1.5l", "saver_label": null, "promo_rewards": "Star product", "product_href": "https://groceries.asda.com/product/bigger-pack-juice/tropicana-pure-smooth-orange-1-5-l/1000383219059"}, {"title": "ASDA Honey & Mustard Gammon Joint", "product_code": "1000383110446", "was_price": null, "price": "4.40", "price_per_uom": "9.78/", "volume": "450g", "saver_label": "Any 2 for \u00a38 View all", "promo_rewards": null, "product_href": "https://groceries.asda.com/product/simple-to-cook/asda-honey-mustard-gammon-joint/1000383110446"}, {"title": "Veetee Mega Basmati Extra Long Premium Rice 5kg", "product_code": "1000383165232", "was_price": "12.00", "price": "11.00", "price_per_uom": "2.20/", "volume": "5kg", "saver_label": null, "promo_rewards": null, "product_href": "https://groceries.asda.com/product/indian-asian-rice/veetee-mega-basmati-extra-long-premium-rice-5-kg/1000383165232"}, {"title": "Grafix Head to Head", "product_code": "1000299187791", "was_price": null, "price": "7.00", "price_per_uom": "7.00/", "volume": "each", "saver_label": "Any 2 for \u00a310 View all", "promo_rewards": null, "product_href": "https://groceries.asda.com/product/board-games-puzzles/grafix-head-to-head/1000299187791"}, {"title": "Squeaky Bean Char-Grilled Cajun Mini Fillets", "product_code": "1000280857005", "was_price": "2.85", "price": "2.00", "price_per_uom": "16.67/", "volume": "120g", "saver_label": null, "promo_rewards": null, "product_href": "https://groceries.asda.com/product/meat-alternatives/squeaky-bean-char-grilled-cajun-mini-fillets/1000280857005"}, {"title": "Paperback Rising Tide by Ann Cleeves", "product_code": "1000383174397", "was_price": null, "price": "5.00", "price_per_uom": "5.00/", "volume": "each", "saver_label": "Any 2 for \u00a39 View all", "promo_rewards": null, "product_href": "https://groceries.asda.com/product/paperback-books/paperback-rising-tide-by-ann-cleeves/1000383174397"}, {"title": "Ben & Jerry's Caramel Brownie Party Ice Cream", "product_code": "1000320855416", "was_price": "5.15", "price": "3.75", "price_per_uom": "80.7/100", "volume": "465ml", "saver_label": null, "promo_rewards": null, "product_href": "https://groceries.asda.com/product/family-sized-ice-cream-tubs/ben-jerrys-caramel-brownie-party-ice-cream/1000320855416"}, {"title": "Vocation Special Edition Aoraki DIPA 440ml", "product_code": "1000383218816", "was_price": null, "price": "3.75", "price_per_uom": "8.52/", "volume": "440ml", "saver_label": "4 for 3 View all", "promo_rewards": null, "product_href": "https://groceries.asda.com/product/ip-as/vocation-special-edition-aoraki-dipa-440-ml/1000383218816"}, {"title": "The Snail and the Whale by Julia Donaldson", "product_code": "1000378540245", "was_price": null, "price": "4.00", "price_per_uom": "4.00/", "volume": "each", "saver_label": "Any 2 for \u00a37 View all", "promo_rewards": null, "product_href": "https://groceries.asda.com/product/kids-books/the-snail-and-the-whale-by-julia-donaldson/1000378540245"}, {"title": "Ambrosia Low Fat Devon Custard", "product_code": "910000446465", "was_price": null, "price": "1.60", "price_per_uom": "40.0/100", "volume": "400g", "saver_label": "Any 2 for \u00a32.50 View all", "promo_rewards": null, "product_href": "https://groceries.asda.com/product/custard/ambrosia-low-fat-devon-custard/910000446465"}, {"title": "Boofle Daddy Birthday Card", "product_code": "1000349324240", "was_price": null, "price": "1.50", "price_per_uom": "1.50/", "volume": "each", "saver_label": "Any 3 for \u00a33 View all", "promo_rewards": null, "product_href": "https://groceries.asda.com/product/greeting-cards/boofle-daddy-birthday-card/1000349324240"}, {"title": "So...? Unique Truffle Cream White Chocolate & Coconut Flower Body Mist", "product_code": "1000311822965", "was_price": "5.00", "price": "3.50", "price_per_uom": "2.33/100", "volume": "150ml", "saver_label": null, "promo_rewards": null, "product_href": "https://groceries.asda.com/product/womens-body-spray-mists/so-unique-truffle-cream-white-chocolate-coconut-flower-body-mist/1000311822965"}, {"title": "ASDA Roast Chicken Flavour Bites 180g", "product_code": "1000127514741", "was_price": null, "price": "2.15", "price_per_uom": "1.19/100", "volume": "180g", "saver_label": "Any 2 for \u00a33.50 View all", "promo_rewards": null, "product_href": "https://groceries.asda.com/product/party-food/asda-roast-chicken-flavour-bites-180-g/1000127514741"}, {"title": "Febreze Bathroom, Continuous Air Freshener Citrus To Fight Mouldy Odour 1 Count", "product_code": "1000383178765", "was_price": null, "price": "2.50", "price_per_uom": "2.50/", "volume": "7.5ml", "saver_label": "Any 3 for \u00a36 View all", "promo_rewards": null, "product_href": "https://groceries.asda.com/product/gel-block-air-fresheners/febreze-bathroom-continuous-air-freshener-citrus-to-fight-mouldy-odour-1-count/1000383178765"}, {"title": "Monday Brunette Dry Shampoo", "product_code": "1000383162010", "was_price": "3.00", "price": "2.00", "price_per_uom": "1.00/100", "volume": "200ml", "saver_label": null, "promo_rewards": null, "product_href": "https://groceries.asda.com/product/dry-shampoo/monday-brunette-dry-shampoo/1000383162010"}, {"title": "Royal Dessert Gulabjam", "product_code": "910000474859", "was_price": "4.00", "price": "3.20", "price_per_uom": "64.0/100", "volume": "500g", "saver_label": null, "promo_rewards": null, "product_href": "https://groceries.asda.com/product/chocolate-caramel-desserts/royal-dessert-gulabjam/910000474859"}, {"title": "ASDA Cashew & Raisin Mix", "product_code": "1000373536108", "was_price": null, "price": "2.00", "price_per_uom": "80.0/100", "volume": "250g", "saver_label": "Any 2 for \u00a33.50 View all", "promo_rewards": null, "product_href": "https://groceries.asda.com/product/dried-fruit/asda-cashew-raisin-mix/1000373536108"}, {"title": "Aveeno Blackberry & Quinoa Blend Conditioner", "product_code": "1000383161937", "was_price": "9.00", "price": "5.35", "price_per_uom": "1.78/100", "volume": "300ml", "saver_label": null, "promo_rewards": null, "product_href": "https://groceries.asda.com/product/conditioner/aveeno-blackberry-quinoa-blend-conditioner/1000383161937"}, {"title": "Garnier Nutrisse Ultra Cr\u00e8me Permanent Hair Dye Natural Golden Dark Blonde", "product_code": "1000383118172", "was_price": null, "price": "8.00", "price_per_uom": "8.00/", "volume": "each", "saver_label": "Any 2 for \u00a312 View all", "promo_rewards": null, "product_href": "https://groceries.asda.com/product/permanent-hair-dye/garnier-nutrisse-ultra-creme-permanent-hair-dye-natural-golden-dark-blonde/1000383118172"}, {"title": "Desperados Original Tequila Flavoured Beer Bottles", "product_code": "910000881865", "was_price": null, "price": "5.50", "price_per_uom": "5.56/", "volume": "3x330", "saver_label": "Any 2 for \u00a310 View all", "promo_rewards": null, "product_href": "https://groceries.asda.com/product/bottled-lagers/desperados-original-tequila-flavoured-beer-bottles/910000881865"}, {"title": "St Austell Brewery Mena DHU Stout", "product_code": "1000380302416", "was_price": null, "price": "2.15", "price_per_uom": "4.30/", "volume": "500ml", "saver_label": "4 for 3 View all", "promo_rewards": null, "product_href": "https://groceries.asda.com/product/stout/st-austell-brewery-mena-dhu-stout/1000380302416"}, {"title": "Echo Falls White Zinfandel", "product_code": "9157629", "was_price": null, "price": "5.45", "price_per_uom": "5.45/753", "volume": "75cl", "saver_label": "Any 2 for \u00a310 View all", "promo_rewards": null, "product_href": "https://groceries.asda.com/product/rose-wine/echo-falls-white-zinfandel/9157629"}, {"title": "Old El Paso Mild Smoky BBQ Tortilla Pockets Fajita Kit", "product_code": "1000288781309", "was_price": "4.00", "price": "3.00", "price_per_uom": "7.89/", "volume": "380g", "saver_label": null, "promo_rewards": null, "product_href": "https://groceries.asda.com/product/meal-kits/old-el-paso-mild-smoky-bbq-tortilla-pockets-fajita-kit/1000288781309"}, {"title": "Veet Men Intimate Hair Removal Kit", "product_code": "1000383162904", "was_price": "10.50", "price": "8.50", "price_per_uom": "5.67/100", "volume": "150ml", "saver_label": null, "promo_rewards": null, "product_href": "https://groceries.asda.com/product/mens-shaving-gel-foam-balm/veet-men-intimate-hair-removal-kit/1000383162904"}, {"title": "Feel Amazing Apple Cider Vinegar+ Apple Flavour One-A-Day 30 Gummies", "product_code": "1000383186820", "was_price": null, "price": "8.00", "price_per_uom": "26.7/", "volume": "30pk", "saver_label": "3 for 2 View all", "promo_rewards": null, "product_href": "https://groceries.asda.com/product/cold-immune-support-vitamins/feel-amazing-apple-cider-vinegar-apple-flavour-one-a-day-30-gummies/1000383186820"}, {"title": "ASDA Extra Special Uco Valley Malbec", "product_code": "1000361202391", "was_price": null, "price": "12.00", "price_per_uom": "12.00/753", "volume": "75cl", "saver_label": null, "promo_rewards": null, "product_href": "https://groceries.asda.com/product/malbec/asda-extra-special-uco-valley-malbec/1000361202391"}, {"title": "Malfy Con Arancia Sicilian Blood Orange Flavoured Gin", "product_code": "1000279566184", "was_price": "30.00", "price": "25.00", "price_per_uom": "35.71/", "volume": "70cl", "saver_label": null, "promo_rewards": null, "product_href": "https://groceries.asda.com/product/flavoured-pink-gin/malfy-con-arancia-sicilian-blood-orange-flavoured-gin/1000279566184"}, {"title": "Diablo Golden Chardonnay White Wine Chile", "product_code": "1000364884038", "was_price": null, "price": "10.00", "price_per_uom": "10.00/753", "volume": "75cl", "saver_label": null, "promo_rewards": null, "product_href": "https://groceries.asda.com/product/chardonnay/diablo-golden-chardonnay-white-wine-chile/1000364884038"}, {"title": "Bassetts Vitamins Multivitamins +Evening Primrose Oil 12-18 Years", "product_code": "910002068478", "was_price": null, "price": "8.00", "price_per_uom": "26.7/", "volume": "30pk", "saver_label": "3 for 2 View all", "promo_rewards": null, "product_href": "https://groceries.asda.com/product/childrens-vitamins/bassetts-vitamins-multivitamins-evening-primrose-oil-12-18-years/910002068478"}, {"title": "Official CoComelon: Opposites by Cocomelon", "product_code": "1000383237741", "was_price": null, "price": "4.00", "price_per_uom": "4.00/", "volume": "each", "saver_label": "Any 2 for \u00a37 View all", "promo_rewards": null, "product_href": "https://groceries.asda.com/product/kids-books/official-co-comelon-opposites-by-cocomelon/1000383237741"}, {"title": "ASDA West Coast IPA", "product_code": "1000383142278", "was_price": null, "price": "1.50", "price_per_uom": "4.55/", "volume": "330ml", "saver_label": "4 for 3 View all", "promo_rewards": null, "product_href": "https://groceries.asda.com/product/ip-as/asda-west-coast-ipa/1000383142278"}, {"title": "George Home Natural Trend Storage Basket", "product_code": "1000383213356", "was_price": "7.00", "price": "5.50", "price_per_uom": "5.50/", "volume": "each", "saver_label": null, "promo_rewards": null, "product_href": "https://groceries.asda.com/product/storage-containers/george-home-natural-trend-storage-basket/1000383213356"}, {"title": "Sheba Select Slices Cat Food Tray with Chicken in Gravy", "product_code": "910001827230", "was_price": null, "price": "0.85", "price_per_uom": "10.00/", "volume": "85g", "saver_label": "Any 5 for \u00a32.85 View all", "promo_rewards": null, "product_href": "https://groceries.asda.com/product/premium-wet-cat-food/sheba-select-slices-cat-food-tray-with-chicken-in-gravy/910001827230"}, {"title": "Paperback A Court of Thorns and Roses by Sarah J. Maas", "product_code": "1000383236869", "was_price": null, "price": "5.00", "price_per_uom": "5.00/", "volume": "each", "saver_label": "Any 2 for \u00a39 View all", "promo_rewards": null, "product_href": "https://groceries.asda.com/product/paperback-books/paperback-a-court-of-thorns-and-roses-by-sarah-j-maas/1000383236869"}, {"title": "Jacob's Crispbreads Chive Crackers 5 x 30g, 190g", "product_code": "910001258488", "was_price": "1.90", "price": "1.25", "price_per_uom": "65.8/100", "volume": "5x38g", "saver_label": null, "promo_rewards": null, "product_href": "https://groceries.asda.com/product/cream-crackers/jacobs-crispbreads-chive-crackers-5-x-30-g-190-g/910001258488"}, {"title": "Campo Viejo Rioja Garnacha Red Wine", "product_code": "910003000631", "was_price": "8.75", "price": "7.50", "price_per_uom": "7.50/753", "volume": "75cl", "saver_label": null, "promo_rewards": null, "product_href": "https://groceries.asda.com/product/rioja/campo-viejo-rioja-garnacha-red-wine/910003000631"}, {"title": "Butcher's Healthy Heart Nourishing Food for Dogs 12 x 150g", "product_code": "1000383208281", "was_price": null, "price": "7.25", "price_per_uom": "4.03/", "volume": "12x150", "saver_label": null, "promo_rewards": null, "product_href": "https://groceries.asda.com/product/dog-food-trays-pouches/butchers-healthy-heart-nourishing-food-for-dogs-12-x-150-g/1000383208281"}, {"title": "Gwei.lo Rainbow Sherbet Sour 4 x 330ml", "product_code": "1000383223577", "was_price": null, "price": "6.00", "price_per_uom": "4.55/", "volume": "4x330", "saver_label": "Any 2 for \u00a310 View all", "promo_rewards": null, "product_href": "https://groceries.asda.com/product/multipacks-craft-beer/gwei-lo-rainbow-sherbet-sour-4-x-330-ml/1000383223577"}, {"title": "Nip+Fab Purify Teen Skin Fix Spot Patches 30 Applications", "product_code": "1000383188250", "was_price": null, "price": "9.95", "price_per_uom": "9.95/", "volume": "each", "saver_label": "Any 2 for \u00a312 View all", "promo_rewards": null, "product_href": "https://groceries.asda.com/product/young-skin-care/nip-fab-purify-teen-skin-fix-spot-patches-30-applications/1000383188250"}, {"title": "RMS Twist And Turn", "product_code": "1000383212359", "was_price": null, "price": "7.00", "price_per_uom": "7.00/", "volume": "each", "saver_label": "Any 2 for \u00a310 View all", "promo_rewards": null, "product_href": "https://groceries.asda.com/product/board-games-puzzles/rms-twist-and-turn/1000383212359"}, {"title": "Lucozade Energy Drink Orange Multipack 24 x 330ml", "product_code": "1000316326552", "was_price": null, "price": "10.00", "price_per_uom": "12.6/100", "volume": "24x330", "saver_label": "Any 3 for \u00a324 View all", "promo_rewards": null, "product_href": "https://groceries.asda.com/product/lucozade/lucozade-energy-drink-orange-multipack-24-x-330-ml/1000316326552"}, {"title": "ASDA Deep Pan Four Cheese Pizza 425g", "product_code": "1000383191473", "was_price": "3.00", "price": "2.00", "price_per_uom": "4.71/", "volume": "425g", "saver_label": null, "promo_rewards": null, "product_href": "https://groceries.asda.com/product/boxed-pizza/asda-deep-pan-four-cheese-pizza-425-g/1000383191473"}, {"title": "Pantene Pro-V Smooth & Sleek Hair Conditioner, 2x The Nutrients In 1 Use", "product_code": "1000383173822", "was_price": null, "price": "2.00", "price_per_uom": "2.22/100", "volume": "90ml", "saver_label": "3 for 2 View all", "promo_rewards": null, "product_href": "https://groceries.asda.com/product/3-for-2-travel-size-toiletries/pantene-pro-v-smooth-sleek-hair-conditioner-2-x-the-nutrients-in-1-use/1000383173822"}, {"title": "Clementoni Science Museum Mechanics Lab - Monster Truck", "product_code": "1000331406239", "was_price": "16.00", "price": "13.00", "price_per_uom": "13.00/", "volume": "each", "saver_label": null, "promo_rewards": null, "product_href": "https://groceries.asda.com/product/creative-play/clementoni-science-museum-mechanics-lab-monster-truck/1000331406239"}, {"title": "The BAKERY at ASDA 5 Oat and Raisin Cookies", "product_code": "33404", "was_price": null, "price": "1.30", "price_per_uom": "26.0/", "volume": "5pk", "saver_label": "Any 2 for \u00a32 View all", "promo_rewards": null, "product_href": "https://groceries.asda.com/product/view-all-in-store-bakery/the-bakery-at-asda-5-oat-and-raisin-cookies/33404"}, {"title": "MX Health Standard Elasticated Large Ankle Support", "product_code": "1000225477725", "was_price": "8.20", "price": "6.20", "price_per_uom": "6.20/", "volume": "each", "saver_label": null, "promo_rewards": null, "product_href": "https://groceries.asda.com/product/bandages-supports-antiseptic-dressings/mx-health-standard-elasticated-large-ankle-support/1000225477725"}, {"title": "Skinny Dream Millionaire's Shortbread", "product_code": "1000383159735", "was_price": "1.75", "price": "1.00", "price_per_uom": "1.05/100", "volume": "5x19g", "saver_label": null, "promo_rewards": null, "product_href": "https://groceries.asda.com/product/multipack-chocolate/skinny-dream-millionaires-shortbread/1000383159735"}, {"title": "ASDA Thick Bleach Citrus Burst", "product_code": "910002379960", "was_price": null, "price": "1.29", "price_per_uom": "64.5/", "volume": "2l", "saver_label": null, "promo_rewards": null, "product_href": "https://groceries.asda.com/product/bleach-disinfectants/asda-thick-bleach-citrus-burst/910002379960"}, {"title": "ASDA No Added Sugar Double Strength Apple & Blackcurrant Squash", "product_code": "910002821913", "was_price": null, "price": "0.95", "price_per_uom": "6.3/100", "volume": "1.5l", "saver_label": null, "promo_rewards": null, "product_href": "https://groceries.asda.com/product/no-added-sugar-squash/asda-no-added-sugar-double-strength-apple-blackcurrant-squash/910002821913"}, {"title": "ASDA 15 Extra Strong All-Purpose Bin Bags 75 Litres", "product_code": "1000275482833", "was_price": null, "price": "2.70", "price_per_uom": "18.0/", "volume": "15pk", "saver_label": null, "promo_rewards": null, "product_href": "https://groceries.asda.com/product/bin-bags-liners/asda-15-extra-strong-all-purpose-bin-bags-75-litres/1000275482833"}, {"title": "Garnier Pure Active BHA (Salicylic Acid) + Charcoal Daily Face Cleanser", "product_code": "1000383189358", "was_price": "10.00", "price": "6.65", "price_per_uom": "2.66/100", "volume": "250ml", "saver_label": null, "promo_rewards": null, "product_href": "https://groceries.asda.com/product/face-cleansers-toners/garnier-pure-active-bha-salicylic-acid-charcoal-daily-face-cleanser/1000383189358"}, {"title": "Belvoir Raspberry Lemonade", "product_code": "910000222747", "was_price": "3.25", "price": "2.50", "price_per_uom": "33.3/100", "volume": "750ml", "saver_label": null, "promo_rewards": null, "product_href": "https://groceries.asda.com/product/adult-soft-drinks/belvoir-raspberry-lemonade/910000222747"}, {"title": "Dove Advanced Care Anti-perspirant Deodorant Original", "product_code": "1000383162906", "was_price": "3.00", "price": "1.75", "price_per_uom": "3.50/100", "volume": "50ml", "saver_label": null, "promo_rewards": null, "product_href": "https://groceries.asda.com/product/womens-roll-on-deodorant/dove-advanced-care-anti-perspirant-deodorant-original/1000383162906"}, {"title": "The Gym Kitchen Moroccan Grains", "product_code": "1000378540270", "was_price": null, "price": "2.00", "price_per_uom": "8.00/", "volume": "250g", "saver_label": null, "promo_rewards": null, "product_href": "https://groceries.asda.com/product/brown-rice-quinoa-grains/the-gym-kitchen-moroccan-grains/1000378540270"}, {"title": "Scoville Neverstick Tongs", "product_code": "1000232566780", "was_price": "3.75", "price": "2.75", "price_per_uom": "2.75/", "volume": "each", "saver_label": null, "promo_rewards": null, "product_href": "https://groceries.asda.com/product/cooking-utensils-food-preparation/scoville-neverstick-tongs/1000232566780"}, {"title": "Gary Barlow Organic Ros\u00e9 Wine", "product_code": "1000383172900", "was_price": null, "price": "8.00", "price_per_uom": "8.00/753", "volume": "75cl", "saver_label": null, "promo_rewards": null, "product_href": "https://groceries.asda.com/product/rose-wine/gary-barlow-organic-rose-wine/1000383172900"}, {"title": "L'Oreal Elvive Dream Lengths Shampoo for Long Damaged Hair", "product_code": "1000383171745", "was_price": null, "price": "2.15", "price_per_uom": "2.39/100", "volume": "90ml", "saver_label": "3 for 2 View all", "promo_rewards": null, "product_href": "https://groceries.asda.com/product/3-for-2-travel-size-toiletries/l-oreal-elvive-dream-lengths-shampoo-for-long-damaged-hair/1000383171745"}, {"title": "Wolf Blass Vineyards Release Pinot Grigio 750ml", "product_code": "1000383230072", "was_price": null, "price": "5.25", "price_per_uom": "5.25/753", "volume": "75cl", "saver_label": "Any 2 for \u00a310 View all", "promo_rewards": null, "product_href": "https://groceries.asda.com/product/pinot-grigio/wolf-blass-vineyards-release-pinot-grigio-750-ml/1000383230072"}, {"title": "Kiss 28 Real Short Nude Nails", "product_code": "1000295273487", "was_price": "8.00", "price": "6.00", "price_per_uom": "6.00/", "volume": "each", "saver_label": null, "promo_rewards": null, "product_href": "https://groceries.asda.com/product/false-nails/kiss-28-real-short-nude-nails/1000295273487"}, {"title": "George Home Grey Simplicity 24cm Frying Pan", "product_code": "1000229763126", "was_price": "10.00", "price": "6.00", "price_per_uom": "6.00/", "volume": "24cm", "saver_label": null, "promo_rewards": null, "product_href": "https://groceries.asda.com/product/frying-pans-woks/george-home-grey-simplicity-24-cm-frying-pan/1000229763126"}, {"title": "Calippo Ice Lolly Mini Cola 5x 80 ml", "product_code": "1000383155328", "was_price": null, "price": "2.50", "price_per_uom": "62.5/100", "volume": "400ml", "saver_label": "Any 2 for \u00a34 View all", "promo_rewards": null, "product_href": "https://groceries.asda.com/product/ice-lollies/calippo-ice-lolly-mini-cola-5-x-80-ml/1000383155328"}, {"title": "Nemiroff Flavoured Vodka Wild Cranberry 700ml", "product_code": "1000383195901", "was_price": "21.00", "price": "17.00", "price_per_uom": "24.29/", "volume": "70cl", "saver_label": null, "promo_rewards": null, "product_href": "https://groceries.asda.com/product/flavoured-vodka/nemiroff-flavoured-vodka-wild-cranberry-700-ml/1000383195901"}, {"title": "19 Crimes Chard 187ml", "product_code": "1000383224752", "was_price": null, "price": "2.50", "price_per_uom": "10.03/753", "volume": "18.7cl", "saver_label": "4 for 3 View all", "promo_rewards": null, "product_href": "https://groceries.asda.com/product/mini-wines/19-crimes-chard-187-ml/1000383224752"}, {"title": "Contigo Byron Red Travel Mug", "product_code": "1000379546974", "was_price": "12.50", "price": "10.00", "price_per_uom": "10.00/", "volume": "470ml", "saver_label": null, "promo_rewards": null, "product_href": "https://groceries.asda.com/product/bottles-flasks-travel-mugs/contigo-byron-red-travel-mug/1000379546974"}, {"title": "Cadbury Brunch Bar Peanut 5 Pack", "product_code": "1000304248571", "was_price": "1.25", "price": "1.15", "price_per_uom": "71.9/100", "volume": "160g", "saver_label": null, "promo_rewards": null, "product_href": "https://groceries.asda.com/product/cereal-bars/cadbury-brunch-bar-peanut-5-pack/1000304248571"}, {"title": "Peroni Nastro Azzurro Beer Lager Bottles 10 pack", "product_code": "1000383112617", "was_price": null, "price": "12.00", "price_per_uom": "3.64/", "volume": "10x330", "saver_label": "Any 2 for \u00a320 View all", "promo_rewards": null, "product_href": "https://groceries.asda.com/product/bottled-lagers/peroni-nastro-azzurro-beer-lager-bottles-10-pack/1000383112617"}, {"title": "McVitie's Digestives The Light One 250g", "product_code": "1000383158861", "was_price": "1.80", "price": "1.25", "price_per_uom": "50.0/100", "volume": "250g", "saver_label": null, "promo_rewards": null, "product_href": "https://groceries.asda.com/product/plain-biscuits/mc-vities-digestives-the-light-one-250-g/1000383158861"}, {"title": "Ben's Original Cajun Spiced Microwavable Rice", "product_code": "1000383175225", "was_price": "1.40", "price": "1.00", "price_per_uom": "4.55/", "volume": "220g", "saver_label": null, "promo_rewards": null, "product_href": "https://groceries.asda.com/product/flavoured-microwave-rice/bens-original-cajun-spiced-microwavable-rice/1000383175225"}, {"title": "Clairol Nice'n Easy Permanent Hair Dye 5RB Medium Reddish Brown", "product_code": "1000012279586", "was_price": null, "price": "8.00", "price_per_uom": "8.00/", "volume": "each", "saver_label": "Any 2 for \u00a312 View all", "promo_rewards": null, "product_href": "https://groceries.asda.com/product/permanent-hair-dye/clairol-nicen-easy-permanent-hair-dye-5-rb-medium-reddish-brown/1000012279586"}, {"title": "Walkers Less Salt A Dash of Salt and Vinegar Multipack Crisps", "product_code": "1000352218870", "was_price": null, "price": "2.00", "price_per_uom": "1.33/100", "volume": "6x25g", "saver_label": "Any 2 for \u00a33.25 View all", "promo_rewards": null, "product_href": "https://groceries.asda.com/product/small-multipack-crisps-4-8-packs/walkers-less-salt-a-dash-of-salt-and-vinegar-multipack-crisps/1000352218870"}, {"title": "Sally Hansen Miracle Gel Nail Polish Saturn It Up! Pink", "product_code": "1000116564044", "was_price": "9.95", "price": "7.95", "price_per_uom": "5.41/10", "volume": "14.7ml", "saver_label": null, "promo_rewards": null, "product_href": "https://groceries.asda.com/product/nail-polish/sally-hansen-miracle-gel-nail-polish-saturn-it-up-pink/1000116564044"}, {"title": "Rimmel London Lasting Finish 35 Hour Foundation 103 True Ivory", "product_code": "1000383191140", "was_price": null, "price": "10.95", "price_per_uom": "3.65/10", "volume": "30ml", "saver_label": "Any 2 for \u00a312 View all", "promo_rewards": null, "product_href": "https://groceries.asda.com/product/foundation-bb-cc-cream/rimmel-london-lasting-finish-35-hour-foundation-103-true-ivory/1000383191140"}, {"title": "Aveeno Baby Calming Comfort Bedtime Lotion", "product_code": "1000383118736", "was_price": "6.50", "price": "4.33", "price_per_uom": "2.89/100", "volume": "150ml", "saver_label": null, "promo_rewards": null, "product_href": "https://groceries.asda.com/product/baby-childrens-skin-care/aveeno-baby-calming-comfort-bedtime-lotion/1000383118736"}, {"title": "Disney Winnie the Pooh 1st Birthday Card", "product_code": "1000383165526", "was_price": null, "price": "1.50", "price_per_uom": "1.50/", "volume": "each", "saver_label": "Any 3 for \u00a33 View all", "promo_rewards": null, "product_href": "https://groceries.asda.com/product/greeting-cards/disney-winnie-the-pooh-1st-birthday-card/1000383165526"}, {"title": "Starbucks Espresso Roast Decaf 57g", "product_code": "1000383215468", "was_price": "4.25", "price": "2.50", "price_per_uom": "4.39/100", "volume": "10pk", "saver_label": null, "promo_rewards": null, "product_href": "https://groceries.asda.com/product/nespresso-compatible-pods/starbucks-espresso-roast-decaf-57-g/1000383215468"}, {"title": "Collection Incredibrow Brow Definer Brunette", "product_code": "1000160202699", "was_price": "2.98", "price": "2.48", "price_per_uom": "82.67/10", "volume": "0.3g", "saver_label": null, "promo_rewards": null, "product_href": "https://groceries.asda.com/product/eyebrow-pencils/collection-incredibrow-brow-definer-brunette/1000160202699"}, {"title": "ASDA Wafer Thin Cooked Chicken Approx 40 Slices", "product_code": "1000129611136", "was_price": "2.75", "price": "2.50", "price_per_uom": "62.5/100", "volume": "400g", "saver_label": null, "promo_rewards": "Star product", "product_href": "https://groceries.asda.com/product/chicken-turkey-slices/asda-wafer-thin-cooked-chicken-approx-40-slices/1000129611136"}, {"title": "Sanex Dermo Hypoallergenic Antiperspirant Roll-On Deodorant 50ml", "product_code": "1000383219501", "was_price": "1.75", "price": "1.25", "price_per_uom": "2.50/100", "volume": "50ml", "saver_label": null, "promo_rewards": null, "product_href": "https://groceries.asda.com/product/womens-roll-on-deodorant/sanex-dermo-hypoallergenic-antiperspirant-roll-on-deodorant-50-ml/1000383219501"}, {"title": "Kellogg's Coco Pops Chocos Chocolate Breakfast Cereal", "product_code": "1000383168156", "was_price": "2.75", "price": "2.00", "price_per_uom": "46.5/100", "volume": "430g", "saver_label": null, "promo_rewards": null, "product_href": "https://groceries.asda.com/product/family-cereals/kelloggs-coco-pops-chocos-chocolate-breakfast-cereal/1000383168156"}, {"title": "Gruffalo 25th Anniversary Edition by Julia Donaldson", "product_code": "1000383213425", "was_price": null, "price": "4.00", "price_per_uom": "4.00/", "volume": "each", "saver_label": "Any 2 for \u00a37 View all", "promo_rewards": null, "product_href": "https://groceries.asda.com/product/kids-books/gruffalo-25th-anniversary-edition-by-julia-donaldson/1000383213425"}, {"title": "Pampers Baby-Dry Size 4, 84 Nappies, 9kg - 14kg, Jumbo+ Pack", "product_code": "1000383189842", "was_price": null, "price": "14.00", "price_per_uom": "16.7/", "volume": "84pk", "saver_label": "Any 2 for \u00a319 View all", "promo_rewards": null, "product_href": "https://groceries.asda.com/product/pampers-nappies-size-4-4/pampers-baby-dry-size-4-84-nappies-9-kg-14-kg-jumbo-pack/1000383189842"}, {"title": "Paperback Absolute Power by David Baldacci", "product_code": "1000383223655", "was_price": null, "price": "5.00", "price_per_uom": "5.00/", "volume": "each", "saver_label": "Any 2 for \u00a39 View all", "promo_rewards": null, "product_href": "https://groceries.asda.com/product/paperback-books/paperback-absolute-power-by-david-baldacci/1000383223655"}, {"title": "Garnier Ambre Solaire SPF 50+ Sensitive Advanced Kids Lotion", "product_code": "1000383170839", "was_price": "16.00", "price": "8.00", "price_per_uom": "4.57/100", "volume": "175ml", "saver_label": null, "promo_rewards": null, "product_href": "https://groceries.asda.com/product/sun-cream-lotion-sprays/garnier-ambre-solaire-spf-50-sensitive-advanced-kids-lotion/1000383170839"}, {"title": "Vitabiotics Wellman 50+ 30 One-a-Day", "product_code": "910001500262", "was_price": null, "price": "9.75", "price_per_uom": "32.5/", "volume": "30pk", "saver_label": "3 for 2 View all", "promo_rewards": null, "product_href": "https://groceries.asda.com/product/adult-multivitamins/vitabiotics-wellman-50-30-one-a-day/910001500262"}, {"title": "Robinsons Barley Water Orange", "product_code": "1000383109938", "was_price": "2.25", "price": "1.75", "price_per_uom": "20.6/100", "volume": "850ml", "saver_label": null, "promo_rewards": null, "product_href": "https://groceries.asda.com/product/barley-water-high-juice/robinsons-barley-water-orange/1000383109938"}, {"title": "ASDA Smoky Chicken & Chorizo Empanadas 108g", "product_code": "1000383196769", "was_price": null, "price": "3.00", "price_per_uom": "2.78/100", "volume": "108g", "saver_label": "Any 3 for \u00a37 View all", "promo_rewards": null, "product_href": "https://groceries.asda.com/product/tapas-antipasti/asda-smoky-chicken-chorizo-empanadas-108-g/1000383196769"}, {"title": "Muller Rice Strawberry Low Fat Pudding", "product_code": "1000377031770", "was_price": null, "price": "0.90", "price_per_uom": "52.9/100", "volume": "170g", "saver_label": "Any 10 for \u00a34.50 View all", "promo_rewards": null, "product_href": "https://groceries.asda.com/product/chilled-rice-pudding/muller-rice-strawberry-low-fat-pudding/1000377031770"}, {"title": "McVitie's Rich Tea The Light One Biscuits 300g", "product_code": "8582390", "was_price": "1.80", "price": "1.25", "price_per_uom": "41.7/100", "volume": "300g", "saver_label": null, "promo_rewards": null, "product_href": "https://groceries.asda.com/product/plain-biscuits/mc-vities-rich-tea-the-light-one-biscuits-300-g/8582390"}, {"title": "Erdinger Weissbier Wheat Beer", "product_code": "1181397", "was_price": null, "price": "2.25", "price_per_uom": "4.50/", "volume": "500ml", "saver_label": "4 for 3 View all", "promo_rewards": null, "product_href": "https://groceries.asda.com/product/speciality-world-craft-beer/erdinger-weissbier-wheat-beer/1181397"}, {"title": "Rimmel London Lasting Finish Automatic Lip Liner 063 Eastend Pink 0.25g", "product_code": "1000308025704", "was_price": null, "price": "5.50", "price_per_uom": "157.14/10", "volume": "0.35g", "saver_label": null, "promo_rewards": null, "product_href": "https://groceries.asda.com/product/lip-liners/rimmel-london-lasting-finish-automatic-lip-liner-063-eastend-pink-0-25-g/1000308025704"}, {"title": "Salt Jute Alpaca DDH IPA", "product_code": "1000383164967", "was_price": null, "price": "3.00", "price_per_uom": "6.82/", "volume": "440ml", "saver_label": "4 for 3 View all", "promo_rewards": null, "product_href": "https://groceries.asda.com/product/ip-as/salt-jute-alpaca-ddh-ipa/1000383164967"}, {"title": "ASDA Skipjack Tuna Chunks in Sunflower Oil 145g", "product_code": "1000225065994", "was_price": "0.82", "price": "0.69", "price_per_uom": "67.7/100", "volume": "145g", "saver_label": null, "promo_rewards": null, "product_href": "https://groceries.asda.com/product/tuna/asda-skipjack-tuna-chunks-in-sunflower-oil-145-g/1000225065994"}, {"title": "MOJU Turmeric Shots", "product_code": "1000318360076", "was_price": null, "price": "2.10", "price_per_uom": "3.50/100", "volume": "60ml", "saver_label": "3 for 2 View all", "promo_rewards": null, "product_href": "https://groceries.asda.com/product/super-juice-smoothies/moju-turmeric-shots/1000318360076"}, {"title": "Wagg Cookies with Peanut Butter & Banana Dog Treats", "product_code": "1000024154439", "was_price": null, "price": "1.30", "price_per_uom": "10.40/", "volume": "125g", "saver_label": "Any 3 for \u00a33 View all", "promo_rewards": null, "product_href": "https://groceries.asda.com/product/rewarding-treats/wagg-cookies-with-peanut-butter-banana-dog-treats/1000024154439"}, {"title": "Harpic Active Fresh Toilet Cleaner Gel, Pink Blossom Scent", "product_code": "910001238542", "was_price": null, "price": "1.30", "price_per_uom": "1.73/", "volume": "750ml", "saver_label": null, "promo_rewards": null, "product_href": "https://groceries.asda.com/product/toilet-cleaners-rimblocks-gels/harpic-active-fresh-toilet-cleaner-gel-pink-blossom-scent/910001238542"}, {"title": "Paperback Fake Dating: I Dare You by A.C. Arthur", "product_code": "1000383246401", "was_price": null, "price": "5.00", "price_per_uom": "5.00/", "volume": "each", "saver_label": "Any 2 for \u00a39 View all", "promo_rewards": null, "product_href": "https://groceries.asda.com/product/paperback-books/paperback-fake-dating-i-dare-you-by-a-c-arthur/1000383246401"}, {"title": "ASDA Grated Four Cheese Blend 200g", "product_code": "1000209848461", "was_price": null, "price": "2.50", "price_per_uom": "12.50/", "volume": "200g", "saver_label": "Any 2 for \u00a34 View all", "promo_rewards": null, "product_href": "https://groceries.asda.com/product/grated-cheese/asda-grated-four-cheese-blend-200-g/1000209848461"}, {"title": "Rimmel London Volume On Demand Black Brown Mascara", "product_code": "1000204585238", "was_price": null, "price": "9.95", "price_per_uom": "8.29/10", "volume": "12ml", "saver_label": null, "promo_rewards": null, "product_href": "https://groceries.asda.com/product/mascara/rimmel-london-volume-on-demand-black-brown-mascara/1000204585238"}, {"title": "Mare Meua Pinot Noir Ros\u00e9", "product_code": "1000383163900", "was_price": null, "price": "7.00", "price_per_uom": "7.00/753", "volume": "75cl", "saver_label": null, "promo_rewards": null, "product_href": "https://groceries.asda.com/product/rose-wine/mare-meua-pinot-noir-rose/1000383163900"}, {"title": "Barefoot Pink Moscato", "product_code": "910001022884", "was_price": null, "price": "7.00", "price_per_uom": "7.00/753", "volume": "75cl", "saver_label": null, "promo_rewards": null, "product_href": "https://groceries.asda.com/product/rose-wine/barefoot-pink-moscato/910001022884"}, {"title": "Peppa Pig: Peppa's Dinosaur Party", "product_code": "1000383169391", "was_price": null, "price": "4.00", "price_per_uom": "4.00/", "volume": "each", "saver_label": "Any 2 for \u00a37 View all", "promo_rewards": null, "product_href": "https://groceries.asda.com/product/kids-books/peppa-pig-peppas-dinosaur-party/1000383169391"}, {"title": "Baron Augustin Bordeaux", "product_code": "1000278493351", "was_price": null, "price": "5.75", "price_per_uom": "5.75/753", "volume": "75cl", "saver_label": null, "promo_rewards": null, "product_href": "https://groceries.asda.com/product/all-other-grapes/baron-augustin-bordeaux/1000278493351"}, {"title": "Schweppes Ginger Ale", "product_code": "31545313", "was_price": null, "price": "1.75", "price_per_uom": "17.5/100", "volume": "1l", "saver_label": "Any 2 for \u00a32.50 View all", "promo_rewards": null, "product_href": "https://groceries.asda.com/product/mixers/schweppes-ginger-ale/31545313"}, {"title": "Bistro by ASDA Beef Stroganoff with Wild Rice 400g", "product_code": "1000383192289", "was_price": null, "price": "4.00", "price_per_uom": "10.00/", "volume": "400g", "saver_label": "Any 2 for \u00a37 View all", "promo_rewards": null, "product_href": "https://groceries.asda.com/product/bistro-by-asda/bistro-by-asda-beef-stroganoff-with-wild-rice-400-g/1000383192289"}, {"title": "Alpro Soya Growing Up Long Life Drink", "product_code": "910000549724", "was_price": null, "price": "2.00", "price_per_uom": "20.0/100", "volume": "1l", "saver_label": "Any 3 for \u00a34.50 View all", "promo_rewards": null, "product_href": "https://groceries.asda.com/product/soya-drinks/alpro-soya-growing-up-long-life-drink/910000549724"}, {"title": "LEGO DUPLO Classic Heart Box Bricks Set 10909", "product_code": "1000383162548", "was_price": null, "price": "18.00", "price_per_uom": "18.00/", "volume": "each", "saver_label": "Any 2 for \u00a330 View all", "promo_rewards": null, "product_href": "https://groceries.asda.com/product/lego/lego-duplo-classic-heart-box-bricks-set-10909/1000383162548"}, {"title": "Dina Paninette Wholemeal Bread Wraps", "product_code": "910000388107", "was_price": "1.00", "price": "0.85", "price_per_uom": "30.9/100", "volume": "5x55g", "saver_label": null, "promo_rewards": null, "product_href": "https://groceries.asda.com/product/wraps/dina-paninette-wholemeal-bread-wraps/910000388107"}, {"title": "Baxters Whole Gherkins 600g", "product_code": "1000383156253", "was_price": "2.50", "price": "2.00", "price_per_uom": "63.5/100", "volume": "600g", "saver_label": null, "promo_rewards": null, "product_href": "https://groceries.asda.com/product/pickled-onions-vegetables/baxters-whole-gherkins-600-g/1000383156253"}, {"title": "Garnier Skin Active Hyaluronic Aloe Soothing Cream Cleanser for Dehydrated Skin, 250ml", "product_code": "1000383217861", "was_price": "10.00", "price": "6.65", "price_per_uom": "2.66/100", "volume": "250ml", "saver_label": null, "promo_rewards": null, "product_href": "https://groceries.asda.com/product/face-cleansers-toners/garnier-skin-active-hyaluronic-aloe-soothing-cream-cleanser-for-dehydrated-skin-250-ml/1000383217861"}, {"title": "Tena lights Ultra Pads Mini 20 pack", "product_code": "1000383186471", "was_price": "2.99", "price": "2.50", "price_per_uom": "12.5/", "volume": "20pk", "saver_label": null, "promo_rewards": null, "product_href": "https://groceries.asda.com/product/pads/tena-lights-ultra-pads-mini-20-pack/1000383186471"}, {"title": "ASDA Extra Special Jersey Royal New Potatoes 450g", "product_code": "1000377031682", "was_price": null, "price": "1.00", "price_per_uom": "2.22/", "volume": "450g", "saver_label": null, "promo_rewards": null, "product_href": "https://groceries.asda.com/product/baby-new-potatoes/asda-extra-special-jersey-royal-new-potatoes-450-g/1000377031682"}, {"title": "ASDA Toilet Liquid Gel Cleaner Cool Aqua", "product_code": "910002576411", "was_price": null, "price": "0.70", "price_per_uom": "93.3/", "volume": "750ml", "saver_label": null, "promo_rewards": null, "product_href": "https://groceries.asda.com/product/toilet-cleaners-rimblocks-gels/asda-toilet-liquid-gel-cleaner-cool-aqua/910002576411"}, {"title": "HECK 10 Spring Chicken Sausages", "product_code": "910003124531", "was_price": "3.20", "price": "2.00", "price_per_uom": "5.88/", "volume": "340g", "saver_label": null, "promo_rewards": null, "product_href": "https://groceries.asda.com/product/sausages/heck-10-spring-chicken-sausages/910003124531"}, {"title": "Fillipo Sansovino Extra Dry Prosecco D.O.C.", "product_code": "1000312272647", "was_price": null, "price": "7.00", "price_per_uom": "7.00/753", "volume": "75cl", "saver_label": null, "promo_rewards": "Star product", "product_href": "https://groceries.asda.com/product/prosecco/fillipo-sansovino-extra-dry-prosecco-d-o-c/1000312272647"}, {"title": "ASDA Magnesium 375mg Wellbeing Tablets 1 A Day", "product_code": "1000204197648", "was_price": null, "price": "2.00", "price_per_uom": "6.7/", "volume": "30pk", "saver_label": "3 for 2 View all", "promo_rewards": null, "product_href": "https://groceries.asda.com/product/mens-vitamins/asda-magnesium-375-mg-wellbeing-tablets-1-a-day/1000204197648"}, {"title": "Stories for Six-Year-Olds by Enid Blyton", "product_code": "1000383238734", "was_price": null, "price": "4.00", "price_per_uom": "4.00/", "volume": "each", "saver_label": "Any 2 for \u00a37 View all", "promo_rewards": null, "product_href": "https://groceries.asda.com/product/kids-books/stories-for-six-year-olds-by-enid-blyton/1000383238734"}, {"title": "Air Wick Peony Garden Party Electrical Plug In Single Refill 19ml Lasts up to 100 days", "product_code": "1000383210302", "was_price": null, "price": "3.50", "price_per_uom": "184.21/", "volume": "19ml", "saver_label": "Any 2 for \u00a36 View all", "promo_rewards": null, "product_href": "https://groceries.asda.com/product/air-wick/air-wick-peony-garden-party-electrical-plug-in-single-refill-19-ml-lasts-up-to-100-days/1000383210302"}, {"title": "Ginsters Ginsters 2 Peppered Steak Slices 272g", "product_code": "1000383193120", "was_price": "2.50", "price": "2.25", "price_per_uom": "82.7/100", "volume": "2x136g", "saver_label": null, "promo_rewards": null, "product_href": "https://groceries.asda.com/product/pasties-slices/ginsters-ginsters-2-peppered-steak-slices-272-g/1000383193120"}, {"title": "ASDA 8 Party Mini Prawn Toast 120g", "product_code": "1000383220483", "was_price": null, "price": "1.75", "price_per_uom": "14.58/", "volume": "120g", "saver_label": "4 for 3 View all", "promo_rewards": null, "product_href": "https://groceries.asda.com/product/frozen-party-food/asda-8-party-mini-prawn-toast-120-g/1000383220483"}, {"title": "Vimto Remix No Added Sugar Raspberry Orange & Passionfruit Squash", "product_code": "910002476053", "was_price": "2.00", "price": "1.25", "price_per_uom": "12.5/100", "volume": "1l", "saver_label": null, "promo_rewards": null, "product_href": "https://groceries.asda.com/product/other-fruit-flavoured-squash/vimto-remix-no-added-sugar-raspberry-orange-passionfruit-squash/910002476053"}, {"title": "Napolina Olive Oil", "product_code": "1000383141698", "was_price": "7.95", "price": "6.85", "price_per_uom": "1.37/100", "volume": "500ml", "saver_label": null, "promo_rewards": null, "product_href": "https://groceries.asda.com/product/olive-oil/napolina-olive-oil/1000383141698"}, {"title": "Listerine Stay White Arctic Mint Mouthwash", "product_code": "22975770", "was_price": "5.25", "price": "2.60", "price_per_uom": "52.0/100", "volume": "500ml", "saver_label": null, "promo_rewards": null, "product_href": "https://groceries.asda.com/product/everyday-mouthwash/listerine-stay-white-arctic-mint-mouthwash/22975770"}, {"title": "Sterimar Hayfever & Allergy Relief", "product_code": "1000290719573", "was_price": "5.00", "price": "4.00", "price_per_uom": "80.00/", "volume": "50ml", "saver_label": null, "promo_rewards": null, "product_href": "https://groceries.asda.com/product/hayfever-allergy-nasal-spray-eye-drops/sterimar-hayfever-allergy-relief/1000290719573"}, {"title": "Paperback The Book of Fire by Christy Lefteri", "product_code": "1000383238895", "was_price": null, "price": "5.50", "price_per_uom": "5.50/", "volume": "each", "saver_label": "Any 2 for \u00a39 View all", "promo_rewards": null, "product_href": "https://groceries.asda.com/product/paperback-books/paperback-the-book-of-fire-by-christy-lefteri/1000383238895"}, {"title": "Pringles Salt & Vinegar Sharing Crisps", "product_code": "1000383182363", "was_price": "2.25", "price": "1.50", "price_per_uom": "81.1/100", "volume": "185g", "saver_label": null, "promo_rewards": null, "product_href": "https://groceries.asda.com/product/pringles-tube-snacks/pringles-salt-vinegar-sharing-crisps/1000383182363"}, {"title": "Minecraft Blind Bag", "product_code": "1000261903223", "was_price": "2.50", "price": "2.00", "price_per_uom": "2.00/", "volume": "each", "saver_label": null, "promo_rewards": null, "product_href": "https://groceries.asda.com/product/collectibles/minecraft-blind-bag/1000261903223"}, {"title": "Cr\u00e9mant de Bourgogne Brut", "product_code": "1000383111958", "was_price": "12.00", "price": "10.00", "price_per_uom": "10.00/753", "volume": "75cl", "saver_label": null, "promo_rewards": null, "product_href": "https://groceries.asda.com/product/all-other-grapes/cremant-de-bourgogne-brut/1000383111958"}, {"title": "MOJU Prebiotic Raspberry, Lemon and Baobab Shots", "product_code": "1000321082502", "was_price": null, "price": "2.10", "price_per_uom": "3.50/100", "volume": "60ml", "saver_label": "3 for 2 View all", "promo_rewards": null, "product_href": "https://groceries.asda.com/product/super-juice-smoothies/moju-prebiotic-raspberry-lemon-and-baobab-shots/1000321082502"}, {"title": "Max Factor Cr\u00e8me Puff Powder Compact Golden", "product_code": "1000383117616", "was_price": null, "price": "9.98", "price_per_uom": "7.13/10", "volume": "14g", "saver_label": "Any 2 for \u00a314 View all", "promo_rewards": null, "product_href": "https://groceries.asda.com/product/powder/max-factor-creme-puff-powder-compact-golden/1000383117616"}, {"title": "Tropicana Pure Smooth Orange Fruit Juice", "product_code": "910001784944", "was_price": null, "price": "1.85", "price_per_uom": "61.7/100", "volume": "300ml", "saver_label": "3 for 2 View all", "promo_rewards": null, "product_href": "https://groceries.asda.com/product/drinks/tropicana-pure-smooth-orange-fruit-juice/910001784944"}, {"title": "Batchelors Original Mushy Peas", "product_code": "910000904111", "was_price": null, "price": "0.70", "price_per_uom": "2.33/", "volume": "300g", "saver_label": "Any 2 for \u00a31 View all", "promo_rewards": null, "product_href": "https://groceries.asda.com/product/tinned-vegetables/batchelors-original-mushy-peas/910000904111"}, {"title": "Castrol GTX 5W-30 C4 Fully Synthetic Oil for Diesel Engines 1L", "product_code": "1000383193107", "was_price": "12.00", "price": "10.00", "price_per_uom": "10.00/", "volume": "1l", "saver_label": null, "promo_rewards": null, "product_href": "https://groceries.asda.com/product/car-maintenance/castrol-gtx-5-w-30-c-4-fully-synthetic-oil-for-diesel-engines-1-l/1000383193107"}, {"title": "Ella's Kitchen Organic Pears First Tastes Baby Food Pouch 4+ Months", "product_code": "910000530709", "was_price": "0.90", "price": "0.85", "price_per_uom": "1.21/100", "volume": "70g", "saver_label": null, "promo_rewards": null, "product_href": "https://groceries.asda.com/product/pouches/ellas-kitchen-organic-pears-first-tastes-baby-food-pouch-4-months/910000530709"}, {"title": "Supertato: Eviltato vs Superpea by Sue Hendra & Paul Linnet", "product_code": "1000383227231", "was_price": null, "price": "4.00", "price_per_uom": "4.00/", "volume": "each", "saver_label": "Any 2 for \u00a37 View all", "promo_rewards": null, "product_href": "https://groceries.asda.com/product/kids-books/supertato-eviltato-vs-superpea-by-sue-hendra-paul-linnet/1000383227231"}, {"title": "ASDA 4 Juicy & Sweet Nectarines", "product_code": "1000299625397", "was_price": "2.00", "price": "1.50", "price_per_uom": "37.5/", "volume": "4pk", "saver_label": null, "promo_rewards": null, "product_href": "https://groceries.asda.com/product/peaches-plums-nectarines-apricots/asda-4-juicy-sweet-nectarines/1000299625397"}, {"title": "ASDA Slow Cooked Beef Short Rib Rendang Curry 690g", "product_code": "1000383219946", "was_price": "7.00", "price": "5.00", "price_per_uom": "7.25/", "volume": "690g", "saver_label": null, "promo_rewards": null, "product_href": "https://groceries.asda.com/product/diced-casserole-beef/asda-slow-cooked-beef-short-rib-rendang-curry-690-g/1000383219946"}, {"title": "La Vieille Ros\u00e9", "product_code": "1000281071946", "was_price": null, "price": "8.50", "price_per_uom": "8.50/753", "volume": "75cl", "saver_label": null, "promo_rewards": "Star product", "product_href": "https://groceries.asda.com/product/rose-wine/la-vieille-rose/1000281071946"}, {"title": "Paperback Tackle! by Jilly Cooper", "product_code": "1000383243508", "was_price": null, "price": "5.50", "price_per_uom": "5.50/", "volume": "each", "saver_label": "Any 2 for \u00a39 View all", "promo_rewards": null, "product_href": "https://groceries.asda.com/product/paperback-books/paperback-tackle-by-jilly-cooper/1000383243508"}, {"title": "Hardback Too Late by Colleen Hoover", "product_code": "1000383194447", "was_price": null, "price": "5.00", "price_per_uom": "5.00/", "volume": "each", "saver_label": "Any 2 for \u00a39 View all", "promo_rewards": null, "product_href": "https://groceries.asda.com/product/hardback-books/hardback-too-late-by-colleen-hoover/1000383194447"}, {"title": "HiPP Organic Banana & Plum Porridge 7+ Months", "product_code": "1000383136006", "was_price": "3.00", "price": "2.25", "price_per_uom": "1.12/100", "volume": "200g", "saver_label": null, "promo_rewards": null, "product_href": "https://groceries.asda.com/product/porridge-cereals/hi-pp-organic-banana-plum-porridge-7-months/1000383136006"}, {"title": "Northern Monk Faith Hazy Pale Ale 440ml", "product_code": "1000383225162", "was_price": null, "price": "2.75", "price_per_uom": "6.25/", "volume": "440ml", "saver_label": "4 for 3 View all", "promo_rewards": null, "product_href": "https://groceries.asda.com/product/fruity-beers/northern-monk-faith-hazy-pale-ale-440-ml/1000383225162"}, {"title": "Seven Seas Omega-3 & Multivitamins Woman 30 Day 60 Capsules/Tablets Duo Pack", "product_code": "1000383162471", "was_price": null, "price": "17.00", "price_per_uom": "28.3/", "volume": "60pk", "saver_label": "3 for 2 View all", "promo_rewards": null, "product_href": "https://groceries.asda.com/product/omegas-heart-health-vitamins/seven-seas-omega-3-multivitamins-woman-30-day-60-capsules-tablets-duo-pack/1000383162471"}, {"title": "Rimmel London Scandal'Eyes Waterproof Kohl Kahal Eyeliner Nude", "product_code": "1000007562854", "was_price": null, "price": "4.95", "price_per_uom": "41.25/10", "volume": "1.2g", "saver_label": null, "promo_rewards": null, "product_href": "https://groceries.asda.com/product/eyeliner/rimmel-london-scandal-eyes-waterproof-kohl-kahal-eyeliner-nude/1000007562854"}, {"title": "Maybelline Color Sensational Lip Liner 630 Velvet Beige", "product_code": "910000473693", "was_price": null, "price": "5.00", "price_per_uom": "10.00/10", "volume": "5g", "saver_label": null, "promo_rewards": null, "product_href": "https://groceries.asda.com/product/lip-liners/maybelline-color-sensational-lip-liner-630-velvet-beige/910000473693"}, {"title": "Wella Silvikrin Classic Firm Hold Hairspray", "product_code": "5761748", "was_price": "4.80", "price": "4.00", "price_per_uom": "1.00/100", "volume": "400ml", "saver_label": null, "promo_rewards": null, "product_href": "https://groceries.asda.com/product/hairspray/wella-silvikrin-classic-firm-hold-hairspray/5761748"}, {"title": "Batchelors Super Noodles BBQ Beef Flavour Pot", "product_code": "910003025751", "was_price": "1.00", "price": "0.80", "price_per_uom": "10.67/", "volume": "75g", "saver_label": null, "promo_rewards": null, "product_href": "https://groceries.asda.com/product/noodle-pots/batchelors-super-noodles-bbq-beef-flavour-pot/910003025751"}, {"title": "Tampax Compak Regular Tampons Applicator", "product_code": "1000017779678", "was_price": null, "price": "2.50", "price_per_uom": "13.9/", "volume": "18pk", "saver_label": "Any 2 for \u00a34.50 View all", "promo_rewards": null, "product_href": "https://groceries.asda.com/product/tampax-tampons/tampax-compak-regular-tampons-applicator/1000017779678"}, {"title": "Whitley Neill Special Edition Blackcurrant Gin 70cl", "product_code": "1000383222056", "was_price": "23.00", "price": "20.00", "price_per_uom": "28.57/", "volume": "70cl", "saver_label": null, "promo_rewards": null, "product_href": "https://groceries.asda.com/product/flavoured-pink-gin/whitley-neill-special-edition-blackcurrant-gin-70-cl/1000383222056"}, {"title": "Garnier Ambre Solaire SPF 50+ Sensitive Advanced Dry Mist Sun Spray", "product_code": "1000383170736", "was_price": "16.00", "price": "8.00", "price_per_uom": "5.33/100", "volume": "150ml", "saver_label": null, "promo_rewards": null, "product_href": "https://groceries.asda.com/product/sun-cream-lotion-sprays/garnier-ambre-solaire-spf-50-sensitive-advanced-dry-mist-sun-spray/1000383170736"}, {"title": "ASDA Large Deep Pan Pepperoni Feast (Typically 953g)", "product_code": "1000247072359", "was_price": null, "price": "5.00", "price_per_uom": "5.83/", "volume": "857g", "saver_label": null, "promo_rewards": null, "product_href": "https://groceries.asda.com/product/pizza-counter/asda-large-deep-pan-pepperoni-feast-typically-953-g/1000247072359"}, {"title": "Rimmel London Lasting Finish 35 Hour Foundation 210 Golden Beige", "product_code": "1000383191169", "was_price": null, "price": "10.95", "price_per_uom": "3.65/10", "volume": "30ml", "saver_label": "Any 2 for \u00a312 View all", "promo_rewards": null, "product_href": "https://groceries.asda.com/product/foundation-bb-cc-cream/rimmel-london-lasting-finish-35-hour-foundation-210-golden-beige/1000383191169"}, {"title": "Garnier Nutrisse 4.15 Iced Coffee Brown Permanent Hair Dye", "product_code": "910000424354", "was_price": null, "price": "8.00", "price_per_uom": "8.00/", "volume": "each", "saver_label": "Any 2 for \u00a312 View all", "promo_rewards": null, "product_href": "https://groceries.asda.com/product/permanent-hair-dye/garnier-nutrisse-4-15-iced-coffee-brown-permanent-hair-dye/910000424354"}, {"title": "Schwarzkopf Oleo Intense Permanent Oil Colouration 1-10 Intense Black", "product_code": "1000383182167", "was_price": null, "price": "8.00", "price_per_uom": "8.00/", "volume": "each", "saver_label": "Any 2 for \u00a312 View all", "promo_rewards": null, "product_href": "https://groceries.asda.com/product/permanent-hair-dye/schwarzkopf-oleo-intense-permanent-oil-colouration-1-10-intense-black/1000383182167"}, {"title": "TRESemme 5542DU Hair Dryer", "product_code": "910000843951", "was_price": "25.00", "price": "18.00", "price_per_uom": "18.00/", "volume": "2200w", "saver_label": null, "promo_rewards": null, "product_href": "https://groceries.asda.com/product/hair-dryers/tre-semme-5542-du-hair-dryer/910000843951"}, {"title": "Nivea SUN Kids Sensitive Roll-on Sunscreen SPF 50+", "product_code": "1000103026326", "was_price": "13.00", "price": "8.25", "price_per_uom": "16.50/100", "volume": "50ml", "saver_label": null, "promo_rewards": null, "product_href": "https://groceries.asda.com/product/sun-cream-lotion-sprays/nivea-sun-kids-sensitive-roll-on-sunscreen-spf-50/1000103026326"}, {"title": "Head & Shoulders Itchy Scalp Anti Dandruff Shampoo", "product_code": "1000383119434", "was_price": null, "price": "5.00", "price_per_uom": "1.25/100", "volume": "400ml", "saver_label": "Any 3 for \u00a310 View all", "promo_rewards": null, "product_href": "https://groceries.asda.com/product/shampoo/head-shoulders-itchy-scalp-anti-dandruff-shampoo/1000383119434"}, {"title": "Little Monsters by David Walliams", "product_code": "1000383197104", "was_price": null, "price": "4.00", "price_per_uom": "4.00/", "volume": "each", "saver_label": "Any 2 for \u00a37 View all", "promo_rewards": null, "product_href": "https://groceries.asda.com/product/kids-books/little-monsters-by-david-walliams/1000383197104"}, {"title": "Bistro by ASDA Chicken Kiev with Wild Garlic Butter 365g", "product_code": "1000383193066", "was_price": null, "price": "6.00", "price_per_uom": "16.44/", "volume": "365g", "saver_label": null, "promo_rewards": null, "product_href": "https://groceries.asda.com/product/bistro-by-asda/bistro-by-asda-chicken-kiev-with-wild-garlic-butter-365-g/1000383193066"}, {"title": "George Home Grey Simplicity Stockpot 28cm", "product_code": "1000307357405", "was_price": "25.00", "price": "16.00", "price_per_uom": "16.00/", "volume": "28cm", "saver_label": null, "promo_rewards": null, "product_href": "https://groceries.asda.com/product/saucepans-stockpots/george-home-grey-simplicity-stockpot-28-cm/1000307357405"}, {"title": "ASDA Meal For One Chicken in White Wine & Mushroom Sauce 400g", "product_code": "1000102025710", "was_price": null, "price": "3.25", "price_per_uom": "8.12/", "volume": "400g", "saver_label": "Any 3 for \u00a37.50 View all", "promo_rewards": null, "product_href": "https://groceries.asda.com/product/british/asda-meal-for-one-chicken-in-white-wine-mushroom-sauce-400-g/1000102025710"}, {"title": "Jacob's Cheddars Cheese & Pickle Flavour 150g", "product_code": "1000383184967", "was_price": null, "price": "1.25", "price_per_uom": "83.3/100", "volume": "150g", "saver_label": "Any 2 for \u00a32 View all", "promo_rewards": null, "product_href": "https://groceries.asda.com/product/flavoured-multi-grain-crackers/jacobs-cheddars-cheese-pickle-flavour-150-g/1000383184967"}, {"title": "Lancaster Black Ale", "product_code": "910000357242", "was_price": null, "price": "2.25", "price_per_uom": "4.50/", "volume": "500ml", "saver_label": "4 for 3 View all", "promo_rewards": null, "product_href": "https://groceries.asda.com/product/ale/lancaster-black-ale/910000357242"}, {"title": "Garnier Nutrisse Ultra Color Intense Permanent Hair Dye Ultra Violet", "product_code": "1000383118188", "was_price": null, "price": "8.00", "price_per_uom": "8.00/", "volume": "each", "saver_label": "Any 2 for \u00a312 View all", "promo_rewards": null, "product_href": "https://groceries.asda.com/product/permanent-hair-dye/garnier-nutrisse-ultra-color-intense-permanent-hair-dye-ultra-violet/1000383118188"}, {"title": "ASDA Tangy & Juicy Sweetclems", "product_code": "910003042321", "was_price": null, "price": "1.35", "price_per_uom": "2.25/", "volume": "600g", "saver_label": "Any 2 for \u00a32 View all", "promo_rewards": null, "product_href": "https://groceries.asda.com/product/oranges-easy-peelers/asda-tangy-juicy-sweetclems/910003042321"}, {"title": "Maybelline Fit Me! Matte+Poreless Liquid Foundation 360 Mocha 30ml", "product_code": "1000244634715", "was_price": null, "price": "9.00", "price_per_uom": "2.14/10", "volume": "42g", "saver_label": "Any 2 for \u00a312 View all", "promo_rewards": null, "product_href": "https://groceries.asda.com/product/foundation-bb-cc-cream/maybelline-fit-me-matte-poreless-liquid-foundation-360-mocha-30-ml/1000244634715"}, {"title": "Southern Comfort Original Liqueur with Whiskey", "product_code": "1000002934224", "was_price": "21.00", "price": "20.00", "price_per_uom": "20.00/", "volume": "1l", "saver_label": null, "promo_rewards": null, "product_href": "https://groceries.asda.com/product/imported-whisky/southern-comfort-original-liqueur-with-whiskey/1000002934224"}, {"title": "Lotus Biscoff White Chocolate Ice Cream Sticks", "product_code": "1000314748561", "was_price": "3.90", "price": "1.95", "price_per_uom": "72.2/100", "volume": "3x90ml", "saver_label": null, "promo_rewards": null, "product_href": "https://groceries.asda.com/product/ice-cream-cones-sticks-bars/lotus-biscoff-white-chocolate-ice-cream-sticks/1000314748561"}, {"title": "L'Oreal Color Riche Lipstick 235 Nude", "product_code": "910002767760", "was_price": null, "price": "9.95", "price_per_uom": "4.15/10", "volume": "24g", "saver_label": null, "promo_rewards": null, "product_href": "https://groceries.asda.com/product/lipstick/l-oreal-color-riche-lipstick-235-nude/910002767760"}, {"title": "ASDA Olives & Greek Feta 150g", "product_code": "1000383229960", "was_price": null, "price": "3.00", "price_per_uom": "2.00/100", "volume": "150g", "saver_label": "Any 3 for \u00a37 View all", "promo_rewards": null, "product_href": "https://groceries.asda.com/product/tapas-antipasti/asda-olives-greek-feta-150-g/1000383229960"}, {"title": "Desperados Original Tequila Flavoured Beer Bottle", "product_code": "910001331161", "was_price": null, "price": "3.20", "price_per_uom": "4.92/", "volume": "650ml", "saver_label": "4 for 3 View all", "promo_rewards": null, "product_href": "https://groceries.asda.com/product/bottled-lagers/desperados-original-tequila-flavoured-beer-bottle/910001331161"}, {"title": "19 Crimes The Uprising Red Wine", "product_code": "1000034704421", "was_price": null, "price": "8.00", "price_per_uom": "8.00/753", "volume": "75cl", "saver_label": null, "promo_rewards": null, "product_href": "https://groceries.asda.com/product/all-other-grapes/19-crimes-the-uprising-red-wine/1000034704421"}, {"title": "Femfresh Intimate Hygiene Deodorant", "product_code": "39686", "was_price": null, "price": "2.75", "price_per_uom": "2.20/100", "volume": "125ml", "saver_label": null, "promo_rewards": null, "product_href": "https://groceries.asda.com/product/feminine-washes-accessories/femfresh-intimate-hygiene-deodorant/39686"}, {"title": "ASDA Thick Bleach Citrus Burst", "product_code": "1000378288647", "was_price": null, "price": "0.70", "price_per_uom": "93.3/", "volume": "750ml", "saver_label": null, "promo_rewards": null, "product_href": "https://groceries.asda.com/product/bleach-disinfectants/asda-thick-bleach-citrus-burst/1000378288647"}, {"title": "Nicky Elite Toilet Tissue 3 Ply 9 Rolls", "product_code": "1000383132858", "was_price": null, "price": "3.85", "price_per_uom": "42.8/", "volume": "9pk", "saver_label": null, "promo_rewards": null, "product_href": "https://groceries.asda.com/product/medium-pack-toilet-rolls-8-12-rolls/nicky-elite-toilet-tissue-3-ply-9-rolls/1000383132858"}, {"title": "ASDA Kitchen Foil 10 Metres", "product_code": "1000383180104", "was_price": null, "price": "1.45", "price_per_uom": "14.5/", "volume": "10m", "saver_label": null, "promo_rewards": null, "product_href": "https://groceries.asda.com/product/foil-trays-baking-paper/asda-kitchen-foil-10-metres/1000383180104"}, {"title": "Rimmel London Lasting Radiance Foundation, Classic Beige", "product_code": "1000118762442", "was_price": null, "price": "10.95", "price_per_uom": "3.65/10", "volume": "30ml", "saver_label": null, "promo_rewards": null, "product_href": "https://groceries.asda.com/product/foundation-bb-cc-cream/rimmel-london-lasting-radiance-foundation-classic-beige/1000118762442"}, {"title": "John Frieda Profiller+ Thickening Shampoo", "product_code": "1000383162020", "was_price": null, "price": "8.50", "price_per_uom": "3.40/100", "volume": "250ml", "saver_label": null, "promo_rewards": null, "product_href": "https://groceries.asda.com/product/shampoo/john-frieda-profiller-thickening-shampoo/1000383162020"}, {"title": "Juice Boom 360 Eco Bluetooth Speaker", "product_code": "1000383154771", "was_price": "20.00", "price": "18.00", "price_per_uom": "18.00/", "volume": "each", "saver_label": null, "promo_rewards": null, "product_href": "https://groceries.asda.com/product/bluetooth-speakers/juice-boom-360-eco-bluetooth-speaker/1000383154771"}, {"title": "Skyn 10 Non-Latex Condoms Large", "product_code": "1000073094614", "was_price": null, "price": "11.00", "price_per_uom": "1.10/", "volume": "10pk", "saver_label": "Any 2 for \u00a316 View all", "promo_rewards": null, "product_href": "https://groceries.asda.com/product/condoms/skyn-10-non-latex-condoms-large/1000073094614"}, {"title": "Official CoComelon ABC", "product_code": "1000383182530", "was_price": null, "price": "4.00", "price_per_uom": "4.00/", "volume": "each", "saver_label": "Any 2 for \u00a37 View all", "promo_rewards": null, "product_href": "https://groceries.asda.com/product/kids-books/official-co-comelon-abc/1000383182530"}, {"title": "Bold Lavender & Camomile Liquid Laundry Detergent 31 Washes 1.023 l", "product_code": "1000383224378", "was_price": "6.50", "price": "4.75", "price_per_uom": "4.64/", "volume": "1.023l", "saver_label": null, "promo_rewards": null, "product_href": "https://groceries.asda.com/product/washing-liquid-gel/bold-lavender-camomile-liquid-laundry-detergent-31-washes-1-023-l/1000383224378"}, {"title": "Gwei.lo Neon Jungle IPA", "product_code": "1000383163599", "was_price": null, "price": "3.00", "price_per_uom": "6.82/", "volume": "440ml", "saver_label": "4 for 3 View all", "promo_rewards": null, "product_href": "https://groceries.asda.com/product/ip-as/gwei-lo-neon-jungle-ipa/1000383163599"}, {"title": "ASDA Chow Mein Stir Fry Sauce", "product_code": "1000009333445", "was_price": null, "price": "1.00", "price_per_uom": "58.8/100", "volume": "170g", "saver_label": null, "promo_rewards": null, "product_href": "https://groceries.asda.com/product/stir-fry/asda-chow-mein-stir-fry-sauce/1000009333445"}, {"title": "Nivea Derma Dry Control Antiperspirant 96h Deodorant Spray", "product_code": "1000383162009", "was_price": "5.00", "price": "3.35", "price_per_uom": "1.68/100", "volume": "200ml", "saver_label": null, "promo_rewards": null, "product_href": "https://groceries.asda.com/product/mens-spray-deodorant/nivea-derma-dry-control-antiperspirant-96-h-deodorant-spray/1000383162009"}, {"title": "Activity Hub Squish Mix - Ups ( Age 3+ Years)", "product_code": "1000383110561", "was_price": null, "price": "7.00", "price_per_uom": "7.00/", "volume": "each", "saver_label": "Any 2 for \u00a310 View all", "promo_rewards": null, "product_href": "https://groceries.asda.com/product/creative-play/activity-hub-squish-mix-ups-age-3-years/1000383110561"}, {"title": "Indus Ground Cumin Jeera", "product_code": "1000383160384", "was_price": "0.99", "price": "0.85", "price_per_uom": "8.5/10", "volume": "100g", "saver_label": null, "promo_rewards": null, "product_href": "https://groceries.asda.com/product/spices/indus-ground-cumin-jeera/1000383160384"}, {"title": "What the Ladybird Heard 15th Anniversary Edition by Julia Donaldson", "product_code": "1000383227829", "was_price": null, "price": "4.00", "price_per_uom": "4.00/", "volume": "each", "saver_label": "Any 2 for \u00a37 View all", "promo_rewards": null, "product_href": "https://groceries.asda.com/product/kids-books/what-the-ladybird-heard-15th-anniversary-edition-by-julia-donaldson/1000383227829"}, {"title": "George Home Red Strawberry Drinks Dispenser", "product_code": "1000383202406", "was_price": "10.00", "price": "7.50", "price_per_uom": "7.50/", "volume": "each", "saver_label": null, "promo_rewards": null, "product_href": "https://groceries.asda.com/product/tea-pots-cafetieres-jugs/george-home-red-strawberry-drinks-dispenser/1000383202406"}, {"title": "ASDA Bubble Tube Party Favours", "product_code": "910002857137", "was_price": null, "price": "1.50", "price_per_uom": "18.8/", "volume": "8pk", "saver_label": "Any 4 for \u00a35 View all", "promo_rewards": null, "product_href": "https://groceries.asda.com/product/bags-fillers-invites/asda-bubble-tube-party-favours/910002857137"}, {"title": "Iams for Vitality Fresh Chicken Dry Senior Dog Food Small/Medium Breed", "product_code": "1000078799850", "was_price": null, "price": "7.30", "price_per_uom": "3.65/", "volume": "2kg", "saver_label": "Any 2 for \u00a313 View all", "promo_rewards": null, "product_href": "https://groceries.asda.com/product/all-senior-dog-food/iams-for-vitality-fresh-chicken-dry-senior-dog-food-small-medium-breed/1000078799850"}, {"title": "Paperback You Are a Champion by Marcus Rashford", "product_code": "1000308470486", "was_price": null, "price": "4.00", "price_per_uom": "4.00/", "volume": "each", "saver_label": "Any 2 for \u00a37 View all", "promo_rewards": null, "product_href": "https://groceries.asda.com/product/paperback-books/paperback-you-are-a-champion-by-marcus-rashford/1000308470486"}, {"title": "L'Oreal Paris Infallible Matte Resistance Liquid Lipstick 100 Fairytale Ending", "product_code": "1000383191953", "was_price": null, "price": "11.99", "price_per_uom": "17.13/10", "volume": "7ml", "saver_label": null, "promo_rewards": null, "product_href": "https://groceries.asda.com/product/lipstick/l-oreal-paris-infallible-matte-resistance-liquid-lipstick-100-fairytale-ending/1000383191953"}, {"title": "Tango Orange", "product_code": "19006", "was_price": null, "price": "2.00", "price_per_uom": "10.0/100", "volume": "2lt", "saver_label": "Any 2 for \u00a32.50 View all", "promo_rewards": null, "product_href": "https://groceries.asda.com/product/regular-flavoured-fizzy-drinks/tango-orange/19006"}, {"title": "Ella's Kitchen Organic Tomato-y Pasta Baby Food Pouch 10+ Months", "product_code": "910000092358", "was_price": null, "price": "2.00", "price_per_uom": "1.05/100", "volume": "190g", "saver_label": null, "promo_rewards": null, "product_href": "https://groceries.asda.com/product/pouches-trays/ellas-kitchen-organic-tomato-y-pasta-baby-food-pouch-10-months/910000092358"}, {"title": "Ella's Kitchen Organic Apples, Sweet Potatoes and Peppers Baby Pouch 4+ Months", "product_code": "910000971264", "was_price": null, "price": "1.30", "price_per_uom": "1.08/100", "volume": "120g", "saver_label": "Any 5 for \u00a36 View all", "promo_rewards": null, "product_href": "https://groceries.asda.com/product/ellas-kitchen-baby-food/ellas-kitchen-organic-apples-sweet-potatoes-and-peppers-baby-pouch-4-months/910000971264"}, {"title": "Shredded Wheat Red Berry Wheats", "product_code": "1000383231344", "was_price": "2.00", "price": "1.75", "price_per_uom": "38.9/100", "volume": "450g", "saver_label": null, "promo_rewards": null, "product_href": "https://groceries.asda.com/product/wheat-biscuits-mini-wheats/shredded-wheat-red-berry-wheats/1000383231344"}, {"title": "Batiste Dry Shampoo Plus Brilliant Blonde", "product_code": "1000102496140", "was_price": null, "price": "4.50", "price_per_uom": "2.25/100", "volume": "200ml", "saver_label": null, "promo_rewards": null, "product_href": "https://groceries.asda.com/product/dry-shampoo/batiste-dry-shampoo-plus-brilliant-blonde/1000102496140"}, {"title": "Braun Sensian 5 Forehead Non - Contact", "product_code": "1000383190023", "was_price": "39.99", "price": "29.99", "price_per_uom": "29.99/", "volume": "each", "saver_label": null, "promo_rewards": null, "product_href": "https://groceries.asda.com/product/travel-safety/braun-sensian-5-forehead-non-contact/1000383190023"}, {"title": "ScentSationals Scentsational Wax Cubes Euphoric", "product_code": "1000383186119", "was_price": null, "price": "2.00", "price_per_uom": "2.00/", "volume": "each", "saver_label": "Any 3 for \u00a35 View all", "promo_rewards": null, "product_href": "https://groceries.asda.com/product/wax-cubes-and-burners/scent-sationals-scentsational-wax-cubes-euphoric/1000383186119"}, {"title": "Ten Minutes to Bed: Little Unicorn by Chris Chatterton", "product_code": "1000383213237", "was_price": null, "price": "4.00", "price_per_uom": "4.00/", "volume": "each", "saver_label": "Any 2 for \u00a37 View all", "promo_rewards": null, "product_href": "https://groceries.asda.com/product/kids-books/ten-minutes-to-bed-little-unicorn-by-chris-chatterton/1000383213237"}, {"title": "Hartley's Blackcurrant Flavour Jelly", "product_code": "28193", "was_price": "0.80", "price": "0.50", "price_per_uom": "40.0/100", "volume": "125g", "saver_label": null, "promo_rewards": null, "product_href": "https://groceries.asda.com/product/pudding-pots/hartleys-blackcurrant-flavour-jelly/28193"}, {"title": "Lenor Fabric Tumble Dryer Sheets Summer Breeze 34 Pack", "product_code": "910000832370", "was_price": "3.00", "price": "2.00", "price_per_uom": "5.9/", "volume": "34pk", "saver_label": null, "promo_rewards": null, "product_href": "https://groceries.asda.com/product/tumble-dryer-sheets-fabric-refreshers/lenor-fabric-tumble-dryer-sheets-summer-breeze-34-pack/910000832370"}, {"title": "Freixenet Cordon Negro Brut Cava", "product_code": "910002993871", "was_price": null, "price": "3.50", "price_per_uom": "13.12/753", "volume": "20cl", "saver_label": "4 for 3 View all", "promo_rewards": null, "product_href": "https://groceries.asda.com/product/cava/freixenet-cordon-negro-brut-cava/910002993871"}, {"title": "George Home Auntie Birthday Card", "product_code": "1000383157829", "was_price": null, "price": "1.50", "price_per_uom": "1.50/", "volume": "each", "saver_label": "Any 3 for \u00a33 View all", "promo_rewards": null, "product_href": "https://groceries.asda.com/product/greeting-cards/george-home-auntie-birthday-card/1000383157829"}, {"title": "Paperback Mortimer & Whitehouse: Gone Fishing by Bob Mortimer", "product_code": "1000383184704", "was_price": null, "price": "5.00", "price_per_uom": "5.00/", "volume": "each", "saver_label": "Any 2 for \u00a39 View all", "promo_rewards": null, "product_href": "https://groceries.asda.com/product/paperback-books/paperback-mortimer-whitehouse-gone-fishing-by-bob-mortimer/1000383184704"}, {"title": "McVitie's Blissfuls Belgian Milk Chocolate & Hazelnut Biscuits 172g", "product_code": "1000383174616", "was_price": "2.25", "price": "2.00", "price_per_uom": "1.16/100", "volume": "172g", "saver_label": null, "promo_rewards": null, "product_href": "https://groceries.asda.com/product/chocolate-digestives-oat-biscuits/mc-vities-blissfuls-belgian-milk-chocolate-hazelnut-biscuits-172-g/1000383174616"}, {"title": "ASDA Tangy & Juicy Sweetclems", "product_code": "910003042321", "was_price": null, "price": "1.35", "price_per_uom": "2.25/", "volume": "600g", "saver_label": "Any 2 for \u00a32 View all", "promo_rewards": null, "product_href": "https://groceries.asda.com/product/oranges-easy-peelers/asda-tangy-juicy-sweetclems/910003042321"}, {"title": "Maybelline Fit Me! Matte+Poreless Liquid Foundation 360 Mocha 30ml", "product_code": "1000244634715", "was_price": null, "price": "9.00", "price_per_uom": "2.14/10", "volume": "42g", "saver_label": "Any 2 for \u00a312 View all", "promo_rewards": null, "product_href": "https://groceries.asda.com/product/foundation-bb-cc-cream/maybelline-fit-me-matte-poreless-liquid-foundation-360-mocha-30-ml/1000244634715"}, {"title": "Scoville Black 2-Slice Toaster", "product_code": "1000383184357", "was_price": "22.00", "price": "17.00", "price_per_uom": "17.00/", "volume": "2sl", "saver_label": null, "promo_rewards": null, "product_href": "https://groceries.asda.com/product/toasters-sandwich-makers/scoville-black-2-slice-toaster/1000383184357"}, {"title": "Rimmel London 60 Seconds Super Shine By Rita Ora Go Wild-Er-Ness", "product_code": "910001752202", "was_price": null, "price": "3.95", "price_per_uom": "4.94/10", "volume": "8ml", "saver_label": "Any 2 for \u00a37 View all", "promo_rewards": null, "product_href": "https://groceries.asda.com/product/nail-polish/rimmel-london-60-seconds-super-shine-by-rita-ora-go-wild-er-ness/910001752202"}, {"title": "Simple Regeneration Age Resisting Facial Wash", "product_code": "910001007385", "was_price": "6.00", "price": "3.00", "price_per_uom": "2.00/100", "volume": "150ml", "saver_label": null, "promo_rewards": null, "product_href": "https://groceries.asda.com/product/face-wash/simple-regeneration-age-resisting-facial-wash/910001007385"}, {"title": "Verywell Feel Your Best A-Z Multivitamins & Minerals 1 A Day 90 Tablets", "product_code": "1000383190733", "was_price": null, "price": "6.00", "price_per_uom": "6.7/", "volume": "90pk", "saver_label": "3 for 2 View all", "promo_rewards": null, "product_href": "https://groceries.asda.com/product/adult-multivitamins/verywell-feel-your-best-a-z-multivitamins-minerals-1-a-day-90-tablets/1000383190733"}, {"title": "Propercorn Salted Microwave Popcorn 3x", "product_code": "1000132169294", "was_price": "2.25", "price": "1.75", "price_per_uom": "83.3/100", "volume": "3x70g", "saver_label": null, "promo_rewards": null, "product_href": "https://groceries.asda.com/product/multipack-popcorn/propercorn-salted-microwave-popcorn-3-x/1000132169294"}, {"title": "Piccolo Organic Pear, Apple & Spring Greens Smooth 4+ Months", "product_code": "1000376028647", "was_price": null, "price": "1.40", "price_per_uom": "1.40/100", "volume": "100g", "saver_label": "Any 4 for \u00a34.50 View all", "promo_rewards": null, "product_href": "https://groceries.asda.com/product/pouches/piccolo-organic-pear-apple-spring-greens-smooth-4-months/1000376028647"}, {"title": "George Home Grey Boxed Frame 7 x 5Inch", "product_code": "1000189643960", "was_price": "1.50", "price": "1.25", "price_per_uom": "1.25/", "volume": "7x5in", "saver_label": null, "promo_rewards": null, "product_href": "https://groceries.asda.com/product/photo-frames-albums/george-home-grey-boxed-frame-7-x-5-inch/1000189643960"}, {"title": "Paperback Carrie by Stephen King", "product_code": "1000383238618", "was_price": null, "price": "5.00", "price_per_uom": "5.00/", "volume": "each", "saver_label": "Any 2 for \u00a39 View all", "promo_rewards": null, "product_href": "https://groceries.asda.com/product/paperback-books/paperback-carrie-by-stephen-king/1000383238618"}, {"title": "Innocent Blueberry Focus Super Smoothie 750ml", "product_code": "1000383219034", "was_price": "4.50", "price": "2.75", "price_per_uom": "36.7/100", "volume": "750ml", "saver_label": null, "promo_rewards": "Star product", "product_href": "https://groceries.asda.com/product/berry-cherry-juice/innocent-blueberry-focus-super-smoothie-750-ml/1000383219034"}, {"title": "Olay Total Effects Anti-Ageing 7in1 Giftset:  Day Moisturiser 37ml, Night Firming Moisturiser 37ml", "product_code": "1000383189445", "was_price": "24.00", "price": "12.00", "price_per_uom": "12.00/", "volume": "each", "saver_label": null, "promo_rewards": null, "product_href": "https://groceries.asda.com/product/night-creams-night-moisturisers/olay-total-effects-anti-ageing-7-in-1-giftset-day-moisturiser-37-ml-night-firming-moisturiser-37-ml/1000383189445"}, {"title": "Vi\u00f1alba Reserve Malbec", "product_code": "1000383163876", "was_price": null, "price": "10.00", "price_per_uom": "10.00/753", "volume": "75cl", "saver_label": null, "promo_rewards": null, "product_href": "https://groceries.asda.com/product/malbec/vinalba-reserve-malbec/1000383163876"}, {"title": "Southern Comfort Original Liqueur with Whiskey", "product_code": "1000002934224", "was_price": "21.00", "price": "20.00", "price_per_uom": "20.00/", "volume": "1l", "saver_label": null, "promo_rewards": null, "product_href": "https://groceries.asda.com/product/imported-whisky/southern-comfort-original-liqueur-with-whiskey/1000002934224"}, {"title": "Princes Mackerel Fillets Indian Style Coconut Curry 125g", "product_code": "1000383184058", "was_price": null, "price": "1.50", "price_per_uom": "1.20/100", "volume": "125g", "saver_label": "Any 2 for \u00a32.60 View all", "promo_rewards": null, "product_href": "https://groceries.asda.com/product/mackerel-sardines/princes-mackerel-fillets-indian-style-coconut-curry-125-g/1000383184058"}, {"title": "Heinz Chilli Passata Tomato Base for Mexican Dishes 500g", "product_code": "1000383170491", "was_price": "1.75", "price": "1.00", "price_per_uom": "2.00/", "volume": "500g", "saver_label": null, "promo_rewards": null, "product_href": "https://groceries.asda.com/product/passata-tomato-puree/heinz-chilli-passata-tomato-base-for-mexican-dishes-500-g/1000383170491"}, {"title": "Tanqueray Flor de Sevilla Gin and Tonic", "product_code": "1000276342847", "was_price": null, "price": "2.50", "price_per_uom": "10.00/", "volume": "250ml", "saver_label": "4 for 3 View all", "promo_rewards": null, "product_href": "https://groceries.asda.com/product/pre-mixed-drinks/tanqueray-flor-de-sevilla-gin-and-tonic/1000276342847"}, {"title": "Scoville Black Neverstick Stock Pot", "product_code": "1000002936948", "was_price": "24.00", "price": "12.75", "price_per_uom": "12.75/", "volume": "24cm", "saver_label": null, "promo_rewards": null, "product_href": "https://groceries.asda.com/product/saucepans-stockpots/scoville-black-neverstick-stock-pot/1000002936948"}, {"title": "Bulldog Sensitive Moisturiser", "product_code": "910001435435", "was_price": "6.60", "price": "4.40", "price_per_uom": "4.40/100", "volume": "100ml", "saver_label": null, "promo_rewards": null, "product_href": "https://groceries.asda.com/product/mens-mousturisers-shaving-balms/bulldog-sensitive-moisturiser/910001435435"}, {"title": "Vadasz Fresh Pickles Garlic & Dill", "product_code": "1000383146410", "was_price": "4.50", "price": "3.50", "price_per_uom": "1.58/100", "volume": "400g", "saver_label": null, "promo_rewards": null, "product_href": "https://groceries.asda.com/product/prepared-side-salads/vadasz-fresh-pickles-garlic-dill/1000383146410"}, {"title": "Kiddylicious Strawberry & Banana Smoothie Melts 12+ Months", "product_code": "1000243014246", "was_price": "2.65", "price": "2.20", "price_per_uom": "9.17/100", "volume": "4x6g", "saver_label": null, "promo_rewards": null, "product_href": "https://groceries.asda.com/product/kiddylicious/kiddylicious-strawberry-banana-smoothie-melts-12-months/1000243014246"}, {"title": "George Home Female Birthday Card", "product_code": "1000235368599", "was_price": null, "price": "1.50", "price_per_uom": "1.50/", "volume": "each", "saver_label": "Any 3 for \u00a33 View all", "promo_rewards": null, "product_href": "https://groceries.asda.com/product/greeting-cards/george-home-female-birthday-card/1000235368599"}, {"title": "McCoy's Limited Edition Epic Eats Tex-Mex Flamin' Fajita Flavour Ridge Cut Potato Crisps 6 x 25g", "product_code": "1000383229984", "was_price": null, "price": "2.25", "price_per_uom": "1.50/100", "volume": "6x25g", "saver_label": "Any 2 for \u00a33.25 View all", "promo_rewards": null, "product_href": "https://groceries.asda.com/product/small-multipack-crisps-4-8-packs/mc-coys-limited-edition-epic-eats-tex-mex-flamin-fajita-flavour-ridge-cut-potato-crisps-6-x-25-g/1000383229984"}, {"title": "Bistro by ASDA Macaroni Cheese 700g", "product_code": "1000383192325", "was_price": null, "price": "6.00", "price_per_uom": "8.57/", "volume": "700g", "saver_label": null, "promo_rewards": null, "product_href": "https://groceries.asda.com/product/bistro-by-asda/bistro-by-asda-macaroni-cheese-700-g/1000383192325"}, {"title": "ASDA Main for Two Hot Chicken Tikka Masala 400g", "product_code": "1000383193097", "was_price": "4.00", "price": "3.00", "price_per_uom": "7.50/", "volume": "400g", "saver_label": null, "promo_rewards": null, "product_href": "https://groceries.asda.com/product/indian/asda-main-for-two-hot-chicken-tikka-masala-400-g/1000383193097"}, {"title": "New England Seafood Seafood 2 Wild Alaskan Salmon Fillets 230g", "product_code": "1000383199928", "was_price": null, "price": "4.40", "price_per_uom": "19.13/", "volume": "230g", "saver_label": "Any 2 for \u00a38 View all", "promo_rewards": null, "product_href": "https://groceries.asda.com/product/salmon/new-england-seafood-seafood-2-wild-alaskan-salmon-fillets-230-g/1000383199928"}, {"title": "ScentSationals Happy Place Wax Melts", "product_code": "1000332565141", "was_price": null, "price": "2.00", "price_per_uom": "2.00/", "volume": "each", "saver_label": "Any 3 for \u00a35 View all", "promo_rewards": null, "product_href": "https://groceries.asda.com/product/wax-cubes-and-burners/scent-sationals-happy-place-wax-melts/1000332565141"}, {"title": "ASDA Delicious Unsmoked Gammon Joint 1.3kg", "product_code": "1000250547374", "was_price": "8.10", "price": "7.30", "price_per_uom": "5.62/", "volume": "1.3kg", "saver_label": null, "promo_rewards": null, "product_href": "https://groceries.asda.com/product/gammon/asda-delicious-unsmoked-gammon-joint-1-3-kg/1000250547374"}, {"title": "L'Oreal Excellence Creme 5.5 Mahogany Brown Permanent Hair Dye", "product_code": "394988", "was_price": null, "price": "10.00", "price_per_uom": "10.00/", "volume": "each", "saver_label": "Any 2 for \u00a314 View all", "promo_rewards": null, "product_href": "https://groceries.asda.com/product/permanent-hair-dye/l-oreal-excellence-creme-5-5-mahogany-brown-permanent-hair-dye/394988"}, {"title": "ASDA Thick Bleach Citrus Burst", "product_code": "910002379960", "was_price": null, "price": "1.29", "price_per_uom": "64.5/", "volume": "2l", "saver_label": null, "promo_rewards": null, "product_href": "https://groceries.asda.com/product/bleach-disinfectants/asda-thick-bleach-citrus-burst/910002379960"}, {"title": "ASDA 12 Large Free Range Eggs", "product_code": "37519", "was_price": null, "price": "2.95", "price_per_uom": "24.6/", "volume": "12pk", "saver_label": null, "promo_rewards": null, "product_href": "https://groceries.asda.com/product/free-range-eggs/asda-12-large-free-range-eggs/37519"}, {"title": "Fairy Original Washing Up Liquid Green with LiftAction", "product_code": "1000383161137", "was_price": null, "price": "2.00", "price_per_uom": "3.06/", "volume": "654ml", "saver_label": null, "promo_rewards": null, "product_href": "https://groceries.asda.com/product/washing-up-liquid/fairy-original-washing-up-liquid-green-with-lift-action/1000383161137"}, {"title": "Frylight 1 Cal Sunflower Oil Cooking Spray", "product_code": "910000856251", "was_price": "2.75", "price": "1.75", "price_per_uom": "92.1/100", "volume": "190ml", "saver_label": null, "promo_rewards": null, "product_href": "https://groceries.asda.com/product/spray-oil/frylight-1-cal-sunflower-oil-cooking-spray/910000856251"}, {"title": "ASDA Smoky Chicken & Chorizo Empanadas 108g", "product_code": "1000383196769", "was_price": null, "price": "3.00", "price_per_uom": "2.78/100", "volume": "108g", "saver_label": "Any 3 for \u00a37 View all", "promo_rewards": null, "product_href": "https://groceries.asda.com/product/tapas-antipasti/asda-smoky-chicken-chorizo-empanadas-108-g/1000383196769"}, {"title": "Colman's Chilli Con Carne Recipe Mix", "product_code": "23785", "was_price": null, "price": "1.00", "price_per_uom": "2.00/100", "volume": "50g", "saver_label": "Any 4 for \u00a32.50 View all", "promo_rewards": null, "product_href": "https://groceries.asda.com/product/recipe-mixes/colmans-chilli-con-carne-recipe-mix/23785"}, {"title": "Rimmel London Super Gel Nail Polish Grape Sorbet", "product_code": "910002325403", "was_price": null, "price": "6.95", "price_per_uom": "5.79/10", "volume": "12ml", "saver_label": null, "promo_rewards": null, "product_href": "https://groceries.asda.com/product/nail-polish/rimmel-london-super-gel-nail-polish-grape-sorbet/910002325403"}, {"title": "Clairol Nice'n Easy Permanent Hair Dye 5RB Medium Reddish Brown", "product_code": "1000012279586", "was_price": null, "price": "8.00", "price_per_uom": "8.00/", "volume": "each", "saver_label": "Any 2 for \u00a312 View all", "promo_rewards": null, "product_href": "https://groceries.asda.com/product/permanent-hair-dye/clairol-nicen-easy-permanent-hair-dye-5-rb-medium-reddish-brown/1000012279586"}, {"title": "Laphroaig Islay Single Malt Scotch Whisky Aged 10 Years 700ml", "product_code": "1000383206461", "was_price": "41.00", "price": "31.00", "price_per_uom": "44.29/", "volume": "70cl", "saver_label": null, "promo_rewards": null, "product_href": "https://groceries.asda.com/product/scotch-malt-whisky/laphroaig-islay-single-malt-scotch-whisky-aged-10-years-700-ml/1000383206461"}, {"title": "Napolina Olive Oil", "product_code": "1000383141698", "was_price": "7.95", "price": "6.85", "price_per_uom": "1.37/100", "volume": "500ml", "saver_label": null, "promo_rewards": null, "product_href": "https://groceries.asda.com/product/olive-oil/napolina-olive-oil/1000383141698"}, {"title": "Listerine Stay White Arctic Mint Mouthwash", "product_code": "22975770", "was_price": "5.25", "price": "2.60", "price_per_uom": "52.0/100", "volume": "500ml", "saver_label": null, "promo_rewards": null, "product_href": "https://groceries.asda.com/product/everyday-mouthwash/listerine-stay-white-arctic-mint-mouthwash/22975770"}, {"title": "Sterimar Hayfever & Allergy Relief", "product_code": "1000290719573", "was_price": "5.00", "price": "4.00", "price_per_uom": "80.00/", "volume": "50ml", "saver_label": null, "promo_rewards": null, "product_href": "https://groceries.asda.com/product/hayfever-allergy-nasal-spray-eye-drops/sterimar-hayfever-allergy-relief/1000290719573"}, {"title": "The Health Menu by ASDA Nourishing Sweet Potato & Turmeric Grains with an Avocado Crema 280g", "product_code": "1000383213736", "was_price": null, "price": "2.00", "price_per_uom": "71.4/100", "volume": "280g", "saver_label": "Any 2 for \u00a33.50 View all", "promo_rewards": null, "product_href": "https://groceries.asda.com/product/prepared-roasting-veg/the-health-menu-by-asda-nourishing-sweet-potato-turmeric-grains-with-an-avocado-crema-280-g/1000383213736"}, {"title": "Sally Hansen Miracle Gel Nail Polish Saturn It Up! Pink", "product_code": "1000116564044", "was_price": "9.95", "price": "7.95", "price_per_uom": "5.41/10", "volume": "14.7ml", "saver_label": null, "promo_rewards": null, "product_href": "https://groceries.asda.com/product/nail-polish/sally-hansen-miracle-gel-nail-polish-saturn-it-up-pink/1000116564044"}, {"title": "Paperback Pretend You're Mine by Lucy Score", "product_code": "1000383221207", "was_price": null, "price": "5.50", "price_per_uom": "5.50/", "volume": "each", "saver_label": "Any 2 for \u00a39 View all", "promo_rewards": null, "product_href": "https://groceries.asda.com/product/paperback-books/paperback-pretend-youre-mine-by-lucy-score/1000383221207"}, {"title": "Sanex Dermo Hypoallergenic Antiperspirant Roll-On Deodorant 50ml", "product_code": "1000383219501", "was_price": "1.75", "price": "1.25", "price_per_uom": "2.50/100", "volume": "50ml", "saver_label": null, "promo_rewards": null, "product_href": "https://groceries.asda.com/product/womens-roll-on-deodorant/sanex-dermo-hypoallergenic-antiperspirant-roll-on-deodorant-50-ml/1000383219501"}, {"title": "Mare Meua Pinot Noir Ros\u00e9", "product_code": "1000383163900", "was_price": null, "price": "7.00", "price_per_uom": "7.00/753", "volume": "75cl", "saver_label": null, "promo_rewards": null, "product_href": "https://groceries.asda.com/product/rose-wine/mare-meua-pinot-noir-rose/1000383163900"}, {"title": "Kellogg's Coco Pops Chocos Chocolate Breakfast Cereal", "product_code": "1000383168156", "was_price": "2.75", "price": "2.00", "price_per_uom": "46.5/100", "volume": "430g", "saver_label": null, "promo_rewards": null, "product_href": "https://groceries.asda.com/product/family-cereals/kelloggs-coco-pops-chocos-chocolate-breakfast-cereal/1000383168156"}, {"title": "Barefoot Pink Moscato", "product_code": "910001022884", "was_price": null, "price": "7.00", "price_per_uom": "7.00/753", "volume": "75cl", "saver_label": null, "promo_rewards": null, "product_href": "https://groceries.asda.com/product/rose-wine/barefoot-pink-moscato/910001022884"}, {"title": "Peppa Pig: Peppa's Dinosaur Party", "product_code": "1000383169391", "was_price": null, "price": "4.00", "price_per_uom": "4.00/", "volume": "each", "saver_label": "Any 2 for \u00a37 View all", "promo_rewards": null, "product_href": "https://groceries.asda.com/product/kids-books/peppa-pig-peppas-dinosaur-party/1000383169391"}, {"title": "Montagne Saint-Emilion 75cl", "product_code": "1000383190436", "was_price": "9.25", "price": "8.25", "price_per_uom": "8.25/753", "volume": "75cl", "saver_label": null, "promo_rewards": null, "product_href": "https://groceries.asda.com/product/all-wine/montagne-saint-emilion-75-cl/1000383190436"}, {"title": "Le Cellier de Saint Louis Coteaux Varois en Provence Ros\u00e9", "product_code": "1000067252647", "was_price": null, "price": "8.00", "price_per_uom": "8.00/753", "volume": "75cl", "saver_label": null, "promo_rewards": null, "product_href": "https://groceries.asda.com/product/rose-wine/le-cellier-de-saint-louis-coteaux-varois-en-provence-rose/1000067252647"}, {"title": "Vitabiotics Ultra Magnesium 60 Tablets", "product_code": "1000290068025", "was_price": null, "price": "5.50", "price_per_uom": "9.2/", "volume": "60pk", "saver_label": "3 for 2 View all", "promo_rewards": null, "product_href": "https://groceries.asda.com/product/joints-bone-care-vitamins/vitabiotics-ultra-magnesium-60-tablets/1000290068025"}, {"title": "Goodfella's Takeaway The Big Cheese Pizza", "product_code": "910001348529", "was_price": null, "price": "4.00", "price_per_uom": "7.21/", "volume": "555g", "saver_label": "Any 2 for \u00a34 View all", "promo_rewards": null, "product_href": "https://groceries.asda.com/product/frozen-thin-crust-pizza/goodfellas-takeaway-the-big-cheese-pizza/910001348529"}, {"title": "Indus Mango Nectar", "product_code": "1000383112192", "was_price": "3.50", "price": "2.50", "price_per_uom": "12.5/100", "volume": "2l", "saver_label": null, "promo_rewards": null, "product_href": "https://groceries.asda.com/product/long-life-fruit-juice/indus-mango-nectar/1000383112192"}, {"title": "Rimmel London Lasting Finish Compact Foundation Ivory", "product_code": "1000383115262", "was_price": null, "price": "9.95", "price_per_uom": "14.21/10", "volume": "7g", "saver_label": null, "promo_rewards": null, "product_href": "https://groceries.asda.com/product/foundation-bb-cc-cream/rimmel-london-lasting-finish-compact-foundation-ivory/1000383115262"}, {"title": "Rimmel London Scandal'Eyes Waterproof Kohl Kahal Eyeliner Nude", "product_code": "1000007562854", "was_price": null, "price": "4.95", "price_per_uom": "41.25/10", "volume": "1.2g", "saver_label": null, "promo_rewards": null, "product_href": "https://groceries.asda.com/product/eyeliner/rimmel-london-scandal-eyes-waterproof-kohl-kahal-eyeliner-nude/1000007562854"}, {"title": "Tampax Compak Regular Tampons Applicator", "product_code": "1000017779678", "was_price": null, "price": "2.50", "price_per_uom": "13.9/", "volume": "18pk", "saver_label": "Any 2 for \u00a34.50 View all", "promo_rewards": null, "product_href": "https://groceries.asda.com/product/tampax-tampons/tampax-compak-regular-tampons-applicator/1000017779678"}, {"title": "RMS Party Favour Links", "product_code": "1000383143524", "was_price": null, "price": "1.50", "price_per_uom": "37.5/", "volume": "4pk", "saver_label": "Any 4 for \u00a35 View all", "promo_rewards": null, "product_href": "https://groceries.asda.com/product/bags-fillers-invites/rms-party-favour-links/1000383143524"}, {"title": "Batchelors Super Noodles BBQ Beef Flavour Pot", "product_code": "910003025751", "was_price": "1.00", "price": "0.80", "price_per_uom": "10.67/", "volume": "75g", "saver_label": null, "promo_rewards": null, "product_href": "https://groceries.asda.com/product/noodle-pots/batchelors-super-noodles-bbq-beef-flavour-pot/910003025751"}, {"title": "Plant Based by ASDA Smoky Tofu Burrito", "product_code": "1000158056061", "was_price": null, "price": "2.85", "price_per_uom": "7.12/", "volume": "400g", "saver_label": "Any 2 for \u00a35 View all", "promo_rewards": null, "product_href": "https://groceries.asda.com/product/vegetarian/plant-based-by-asda-smoky-tofu-burrito/1000158056061"}, {"title": "Kiss Lash Couture Faux Milk Collection Little Black Dress", "product_code": "1000295273652", "was_price": "8.00", "price": "6.00", "price_per_uom": "6.00/", "volume": "each", "saver_label": null, "promo_rewards": null, "product_href": "https://groceries.asda.com/product/false-eye-lashes/kiss-lash-couture-faux-milk-collection-little-black-dress/1000295273652"}, {"title": "Baylis & Harding Goodness Rose & Geranium Natural Bath Soak 500ml", "product_code": "1000383190138", "was_price": "4.00", "price": "3.00", "price_per_uom": "60.0/100", "volume": "500ml", "saver_label": null, "promo_rewards": null, "product_href": "https://groceries.asda.com/product/bubble-bath-bath-soaks/baylis-harding-goodness-rose-geranium-natural-bath-soak-500-ml/1000383190138"}, {"title": "Schwarzkopf Oleo Intense Permanent Oil Colouration 1-10 Intense Black", "product_code": "1000383182167", "was_price": null, "price": "8.00", "price_per_uom": "8.00/", "volume": "each", "saver_label": "Any 2 for \u00a312 View all", "promo_rewards": null, "product_href": "https://groceries.asda.com/product/permanent-hair-dye/schwarzkopf-oleo-intense-permanent-oil-colouration-1-10-intense-black/1000383182167"}, {"title": "Paperback Man Who Died Twice by Richard Osman", "product_code": "1000383111229", "was_price": null, "price": "5.00", "price_per_uom": "5.00/", "volume": "each", "saver_label": "Any 2 for \u00a39 View all", "promo_rewards": null, "product_href": "https://groceries.asda.com/product/paperback-books/paperback-man-who-died-twice-by-richard-osman/1000383111229"}, {"title": "Holland's Beef & Veg Pasty", "product_code": "40501", "was_price": "1.60", "price": "1.00", "price_per_uom": "49.0/100", "volume": "204g", "saver_label": null, "promo_rewards": null, "product_href": "https://groceries.asda.com/product/pasties-slices/hollands-beef-veg-pasty/40501"}, {"title": "Rimmel London Soft Kohl Kajal Eye Liner Pencil Denim Blue", "product_code": "432283", "was_price": null, "price": "2.95", "price_per_uom": "24.58/10", "volume": "1.2g", "saver_label": null, "promo_rewards": null, "product_href": "https://groceries.asda.com/product/eyeliner/rimmel-london-soft-kohl-kajal-eye-liner-pencil-denim-blue/432283"}, {"title": "Nemiroff Flavoured Vodka Wild Cranberry 700ml", "product_code": "1000383195901", "was_price": "21.00", "price": "17.00", "price_per_uom": "24.29/", "volume": "70cl", "saver_label": null, "promo_rewards": null, "product_href": "https://groceries.asda.com/product/flavoured-vodka/nemiroff-flavoured-vodka-wild-cranberry-700-ml/1000383195901"}, {"title": "Vitabiotics Wellman 50+ 30 One-a-Day", "product_code": "910001500262", "was_price": null, "price": "9.75", "price_per_uom": "32.5/", "volume": "30pk", "saver_label": "3 for 2 View all", "promo_rewards": null, "product_href": "https://groceries.asda.com/product/adult-multivitamins/vitabiotics-wellman-50-30-one-a-day/910001500262"}, {"title": "McVitie's Rich Tea The Light One Biscuits 300g", "product_code": "8582390", "was_price": "1.80", "price": "1.25", "price_per_uom": "41.7/100", "volume": "300g", "saver_label": null, "promo_rewards": null, "product_href": "https://groceries.asda.com/product/plain-biscuits/mc-vities-rich-tea-the-light-one-biscuits-300-g/8582390"}, {"title": "Rimmel London Lasting Finish Automatic Lip Liner 063 Eastend Pink 0.25g", "product_code": "1000308025704", "was_price": null, "price": "5.50", "price_per_uom": "157.14/10", "volume": "0.35g", "saver_label": null, "promo_rewards": null, "product_href": "https://groceries.asda.com/product/lip-liners/rimmel-london-lasting-finish-automatic-lip-liner-063-eastend-pink-0-25-g/1000308025704"}, {"title": "Fillipo Sansovino Extra Dry Prosecco D.O.C.", "product_code": "1000312272647", "was_price": null, "price": "7.00", "price_per_uom": "7.00/753", "volume": "75cl", "saver_label": null, "promo_rewards": "Star product", "product_href": "https://groceries.asda.com/product/prosecco/fillipo-sansovino-extra-dry-prosecco-d-o-c/1000312272647"}, {"title": "Stories for Six-Year-Olds by Enid Blyton", "product_code": "1000383238734", "was_price": null, "price": "4.00", "price_per_uom": "4.00/", "volume": "each", "saver_label": "Any 2 for \u00a37 View all", "promo_rewards": null, "product_href": "https://groceries.asda.com/product/kids-books/stories-for-six-year-olds-by-enid-blyton/1000383238734"}, {"title": "Ginsters Ginsters 2 Peppered Steak Slices 272g", "product_code": "1000383193120", "was_price": "2.50", "price": "2.25", "price_per_uom": "82.7/100", "volume": "2x136g", "saver_label": null, "promo_rewards": null, "product_href": "https://groceries.asda.com/product/pasties-slices/ginsters-ginsters-2-peppered-steak-slices-272-g/1000383193120"}, {"title": "ASDA 8 Party Mini Prawn Toast 120g", "product_code": "1000383220483", "was_price": null, "price": "1.75", "price_per_uom": "14.58/", "volume": "120g", "saver_label": "4 for 3 View all", "promo_rewards": null, "product_href": "https://groceries.asda.com/product/frozen-party-food/asda-8-party-mini-prawn-toast-120-g/1000383220483"}, {"title": "Joy Orange Spritz", "product_code": "1000383182198", "was_price": null, "price": "7.00", "price_per_uom": "7.00/753", "volume": "75cl", "saver_label": null, "promo_rewards": "Star product", "product_href": "https://groceries.asda.com/product/sparkling-rose/joy-orange-spritz/1000383182198"}, {"title": "Schwartz Chicken Casserole Recipe Mix", "product_code": "459032", "was_price": null, "price": "0.95", "price_per_uom": "2.64/100", "volume": "36g", "saver_label": "Any 4 for \u00a32.50 View all", "promo_rewards": null, "product_href": "https://groceries.asda.com/product/recipe-mixes/schwartz-chicken-casserole-recipe-mix/459032"}, {"title": "ASDA Medallion Beef Steaks", "product_code": "910000993438", "was_price": "4.50", "price": "4.00", "price_per_uom": "11.76/", "volume": "340g", "saver_label": null, "promo_rewards": null, "product_href": "https://groceries.asda.com/product/beef-steaks-sauces/asda-medallion-beef-steaks/910000993438"}, {"title": "Vimto Remix No Added Sugar Raspberry Orange & Passionfruit Squash", "product_code": "910002476053", "was_price": "2.00", "price": "1.25", "price_per_uom": "12.5/100", "volume": "1l", "saver_label": null, "promo_rewards": null, "product_href": "https://groceries.asda.com/product/other-fruit-flavoured-squash/vimto-remix-no-added-sugar-raspberry-orange-passionfruit-squash/910002476053"}, {"title": "Walkers Less Salt A Dash of Salt and Vinegar Multipack Crisps", "product_code": "1000352218870", "was_price": null, "price": "2.00", "price_per_uom": "1.33/100", "volume": "6x25g", "saver_label": "Any 2 for \u00a33.25 View all", "promo_rewards": null, "product_href": "https://groceries.asda.com/product/small-multipack-crisps-4-8-packs/walkers-less-salt-a-dash-of-salt-and-vinegar-multipack-crisps/1000352218870"}, {"title": "ASDA Grated Four Cheese Blend 200g", "product_code": "1000209848461", "was_price": null, "price": "2.50", "price_per_uom": "12.50/", "volume": "200g", "saver_label": "Any 2 for \u00a34 View all", "promo_rewards": null, "product_href": "https://groceries.asda.com/product/grated-cheese/asda-grated-four-cheese-blend-200-g/1000209848461"}, {"title": "Boofle Nan Birthday Card", "product_code": "1000383215199", "was_price": null, "price": "1.50", "price_per_uom": "1.50/", "volume": "each", "saver_label": "Any 3 for \u00a33 View all", "promo_rewards": null, "product_href": "https://groceries.asda.com/product/greeting-cards/boofle-nan-birthday-card/1000383215199"}, {"title": "Rimmel London Volume On Demand Black Brown Mascara", "product_code": "1000204585238", "was_price": null, "price": "9.95", "price_per_uom": "8.29/10", "volume": "12ml", "saver_label": null, "promo_rewards": null, "product_href": "https://groceries.asda.com/product/mascara/rimmel-london-volume-on-demand-black-brown-mascara/1000204585238"}, {"title": "Andrex Classic Clean Toilet Tissue, 4 Rolls", "product_code": "1000321765081", "was_price": "2.95", "price": "2.65", "price_per_uom": "66.2/", "volume": "4roll", "saver_label": null, "promo_rewards": null, "product_href": "https://groceries.asda.com/product/standard-toilet-roll/andrex-classic-clean-toilet-tissue-4-rolls/1000321765081"}, {"title": "Gruffalo 25th Anniversary Edition by Julia Donaldson", "product_code": "1000383213425", "was_price": null, "price": "4.00", "price_per_uom": "4.00/", "volume": "each", "saver_label": "Any 2 for \u00a37 View all", "promo_rewards": null, "product_href": "https://groceries.asda.com/product/kids-books/gruffalo-25th-anniversary-edition-by-julia-donaldson/1000383213425"}, {"title": "Paperback Absolute Power by David Baldacci", "product_code": "1000383223655", "was_price": null, "price": "5.00", "price_per_uom": "5.00/", "volume": "each", "saver_label": "Any 2 for \u00a39 View all", "promo_rewards": null, "product_href": "https://groceries.asda.com/product/paperback-books/paperback-absolute-power-by-david-baldacci/1000383223655"}, {"title": "Baron Augustin Bordeaux", "product_code": "1000278493351", "was_price": null, "price": "5.75", "price_per_uom": "5.75/753", "volume": "75cl", "saver_label": null, "promo_rewards": null, "product_href": "https://groceries.asda.com/product/all-other-grapes/baron-augustin-bordeaux/1000278493351"}, {"title": "Garnier Ambre Solaire SPF 50+ Sensitive Advanced Kids Lotion", "product_code": "1000383170839", "was_price": "16.00", "price": "8.00", "price_per_uom": "4.57/100", "volume": "175ml", "saver_label": null, "promo_rewards": null, "product_href": "https://groceries.asda.com/product/sun-cream-lotion-sprays/garnier-ambre-solaire-spf-50-sensitive-advanced-kids-lotion/1000383170839"}, {"title": "Kellogg's Crunchy Nut Caramelised Nuts Granola", "product_code": "910001275291", "was_price": "3.29", "price": "2.50", "price_per_uom": "65.8/100", "volume": "380g", "saver_label": null, "promo_rewards": null, "product_href": "https://groceries.asda.com/product/granola-crisp/kelloggs-crunchy-nut-caramelised-nuts-granola/910001275291"}, {"title": "ASDA Vitamin E 268mg Wellbeing Capsules", "product_code": "1000203424986", "was_price": null, "price": "2.50", "price_per_uom": "8.3/", "volume": "30pk", "saver_label": "3 for 2 View all", "promo_rewards": null, "product_href": "https://groceries.asda.com/product/energy-fatigue-vitamins/asda-vitamin-e-268-mg-wellbeing-capsules/1000203424986"}, {"title": "ASDA Tender Turkey Breast Steaks 0.480kg", "product_code": "1000383221168", "was_price": "5.00", "price": "4.25", "price_per_uom": "8.85/", "volume": "480g", "saver_label": null, "promo_rewards": null, "product_href": "https://groceries.asda.com/product/turkey/asda-tender-turkey-breast-steaks-0-480-kg/1000383221168"}, {"title": "Erdinger Weissbier Wheat Beer", "product_code": "1181397", "was_price": null, "price": "2.25", "price_per_uom": "4.50/", "volume": "500ml", "saver_label": "4 for 3 View all", "promo_rewards": null, "product_href": "https://groceries.asda.com/product/speciality-world-craft-beer/erdinger-weissbier-wheat-beer/1181397"}, {"title": "Twinings Superblends Immune Support Blackcurrant & Raspberry", "product_code": "1000350287550", "was_price": null, "price": "3.50", "price_per_uom": "8.75/100", "volume": "20pk", "saver_label": null, "promo_rewards": null, "product_href": "https://groceries.asda.com/product/benefit-tea/twinings-superblends-immune-support-blackcurrant-raspberry/1000350287550"}, {"title": "ASDA Kitchen Foil 10 Metres", "product_code": "1000383180104", "was_price": null, "price": "1.45", "price_per_uom": "14.5/", "volume": "10m", "saver_label": null, "promo_rewards": null, "product_href": "https://groceries.asda.com/product/foil-trays-baking-paper/asda-kitchen-foil-10-metres/1000383180104"}, {"title": "ASDA Ripe & Sweet Strawberries", "product_code": "910002901713", "was_price": "1.89", "price": "1.49", "price_per_uom": "6.56/", "volume": "227g", "saver_label": null, "promo_rewards": null, "product_href": "https://groceries.asda.com/product/berries-cherries/asda-ripe-sweet-strawberries/910002901713"}, {"title": "Fairy Original Washing Up Liquid Green with LiftAction", "product_code": "1000383161210", "was_price": null, "price": "3.00", "price_per_uom": "2.96/", "volume": "1.015l", "saver_label": null, "promo_rewards": null, "product_href": "https://groceries.asda.com/product/washing-up-liquid/fairy-original-washing-up-liquid-green-with-lift-action/1000383161210"}, {"title": "George Home Engagement Card", "product_code": "1000383165586", "was_price": null, "price": "1.50", "price_per_uom": "1.50/", "volume": "each", "saver_label": "Any 3 for \u00a33 View all", "promo_rewards": null, "product_href": "https://groceries.asda.com/product/greeting-cards/george-home-engagement-card/1000383165586"}, {"title": "George Home Black Wire Storage Hamper", "product_code": "1000383166840", "was_price": "12.00", "price": "9.00", "price_per_uom": "9.00/", "volume": "each", "saver_label": null, "promo_rewards": null, "product_href": "https://groceries.asda.com/product/drying-laundry-accessories/george-home-black-wire-storage-hamper/1000383166840"}, {"title": "Penfolds Koonunga Hill Shiraz Cabernet", "product_code": "1000383164009", "was_price": "11.00", "price": "9.00", "price_per_uom": "9.00/753", "volume": "75cl", "saver_label": null, "promo_rewards": null, "product_href": "https://groceries.asda.com/product/shiraz/penfolds-koonunga-hill-shiraz-cabernet/1000383164009"}, {"title": "MOJU Turmeric Shots", "product_code": "1000318360076", "was_price": null, "price": "2.10", "price_per_uom": "3.50/100", "volume": "60ml", "saver_label": "3 for 2 View all", "promo_rewards": null, "product_href": "https://groceries.asda.com/product/super-juice-smoothies/moju-turmeric-shots/1000318360076"}, {"title": "Rimmel London Super Gel Nail Polish Grape Sorbet", "product_code": "910002325403", "was_price": null, "price": "6.95", "price_per_uom": "5.79/10", "volume": "12ml", "saver_label": null, "promo_rewards": null, "product_href": "https://groceries.asda.com/product/nail-polish/rimmel-london-super-gel-nail-polish-grape-sorbet/910002325403"}, {"title": "ASDA Peppery 8 Cumberland Pork Sausages", "product_code": "28438", "was_price": "2.25", "price": "2.00", "price_per_uom": "4.41/", "volume": "454g", "saver_label": null, "promo_rewards": null, "product_href": "https://groceries.asda.com/product/sausages/asda-peppery-8-cumberland-pork-sausages/28438"}, {"title": "The Health Menu by ASDA Nourishing Sweet Potato & Turmeric Grains with an Avocado Crema 280g", "product_code": "1000383213736", "was_price": null, "price": "2.00", "price_per_uom": "71.4/100", "volume": "280g", "saver_label": "Any 2 for \u00a33.50 View all", "promo_rewards": null, "product_href": "https://groceries.asda.com/product/prepared-roasting-veg/the-health-menu-by-asda-nourishing-sweet-potato-turmeric-grains-with-an-avocado-crema-280-g/1000383213736"}, {"title": "Sally Hansen Miracle Gel Nail Polish Saturn It Up! Pink", "product_code": "1000116564044", "was_price": "9.95", "price": "7.95", "price_per_uom": "5.41/10", "volume": "14.7ml", "saver_label": null, "promo_rewards": null, "product_href": "https://groceries.asda.com/product/nail-polish/sally-hansen-miracle-gel-nail-polish-saturn-it-up-pink/1000116564044"}, {"title": "Boofle Nan Birthday Card", "product_code": "1000383215199", "was_price": null, "price": "1.50", "price_per_uom": "1.50/", "volume": "each", "saver_label": "Any 3 for \u00a33 View all", "promo_rewards": null, "product_href": "https://groceries.asda.com/product/greeting-cards/boofle-nan-birthday-card/1000383215199"}, {"title": "Lurpak Lighter  Spreadable Blend of Butter and Rapeseed Oil", "product_code": "910003246948", "was_price": "6.65", "price": "5.50", "price_per_uom": "7.33/", "volume": "750g", "saver_label": null, "promo_rewards": null, "product_href": "https://groceries.asda.com/product/spreadable-butter/lurpak-lighter-spreadable-blend-of-butter-and-rapeseed-oil/910003246948"}, {"title": "ASDA Reduced Sugar & Salt Baked Beans in Tomato Sauce", "product_code": "35325", "was_price": "1.85", "price": "1.63", "price_per_uom": "99.4/", "volume": "4x410g", "saver_label": null, "promo_rewards": null, "product_href": "https://groceries.asda.com/product/baked-beans/asda-reduced-sugar-salt-baked-beans-in-tomato-sauce/35325"}, {"title": "ASDA Wafer Thin Cooked Chicken Approx 40 Slices", "product_code": "1000129611136", "was_price": "2.75", "price": "2.50", "price_per_uom": "62.5/100", "volume": "400g", "saver_label": null, "promo_rewards": "Star product", "product_href": "https://groceries.asda.com/product/chicken-turkey-slices/asda-wafer-thin-cooked-chicken-approx-40-slices/1000129611136"}, {"title": "Schweppes Slimline Tonic Water", "product_code": "31545307", "was_price": null, "price": "1.75", "price_per_uom": "17.5/100", "volume": "1l", "saver_label": "Any 2 for \u00a32.50 View all", "promo_rewards": null, "product_href": "https://groceries.asda.com/product/tonic-water/schweppes-slimline-tonic-water/31545307"}, {"title": "Paperback Pretend You're Mine by Lucy Score", "product_code": "1000383221207", "was_price": null, "price": "5.50", "price_per_uom": "5.50/", "volume": "each", "saver_label": "Any 2 for \u00a39 View all", "promo_rewards": null, "product_href": "https://groceries.asda.com/product/paperback-books/paperback-pretend-youre-mine-by-lucy-score/1000383221207"}, {"title": "Paperback Absolute Power by David Baldacci", "product_code": "1000383223655", "was_price": null, "price": "5.00", "price_per_uom": "5.00/", "volume": "each", "saver_label": "Any 2 for \u00a39 View all", "promo_rewards": null, "product_href": "https://groceries.asda.com/product/paperback-books/paperback-absolute-power-by-david-baldacci/1000383223655"}, {"title": "Garnier Ambre Solaire SPF 50+ Sensitive Advanced Kids Lotion", "product_code": "1000383170839", "was_price": "16.00", "price": "8.00", "price_per_uom": "4.57/100", "volume": "175ml", "saver_label": null, "promo_rewards": null, "product_href": "https://groceries.asda.com/product/sun-cream-lotion-sprays/garnier-ambre-solaire-spf-50-sensitive-advanced-kids-lotion/1000383170839"}, {"title": "Kellogg's Crunchy Nut Caramelised Nuts Granola", "product_code": "910001275291", "was_price": "3.29", "price": "2.50", "price_per_uom": "65.8/100", "volume": "380g", "saver_label": null, "promo_rewards": null, "product_href": "https://groceries.asda.com/product/granola-crisp/kelloggs-crunchy-nut-caramelised-nuts-granola/910001275291"}, {"title": "ASDA Vitamin E 268mg Wellbeing Capsules", "product_code": "1000203424986", "was_price": null, "price": "2.50", "price_per_uom": "8.3/", "volume": "30pk", "saver_label": "3 for 2 View all", "promo_rewards": null, "product_href": "https://groceries.asda.com/product/energy-fatigue-vitamins/asda-vitamin-e-268-mg-wellbeing-capsules/1000203424986"}, {"title": "ASDA Tender Turkey Breast Steaks 0.480kg", "product_code": "1000383221168", "was_price": "5.00", "price": "4.25", "price_per_uom": "8.85/", "volume": "480g", "saver_label": null, "promo_rewards": null, "product_href": "https://groceries.asda.com/product/turkey/asda-tender-turkey-breast-steaks-0-480-kg/1000383221168"}, {"title": "Korev Lager", "product_code": "910002920814", "was_price": null, "price": "2.35", "price_per_uom": "4.70/", "volume": "500ml", "saver_label": "4 for 3 View all", "promo_rewards": null, "product_href": "https://groceries.asda.com/product/ale/korev-lager/910002920814"}, {"title": "Rimmel London Lasting Finish Compact Foundation Ivory", "product_code": "1000383115262", "was_price": null, "price": "9.95", "price_per_uom": "14.21/10", "volume": "7g", "saver_label": null, "promo_rewards": null, "product_href": "https://groceries.asda.com/product/foundation-bb-cc-cream/rimmel-london-lasting-finish-compact-foundation-ivory/1000383115262"}, {"title": "ASDA Extra Tasty Chicken Breast Slices 160g", "product_code": "1000383167076", "was_price": null, "price": "2.95", "price_per_uom": "1.84/100", "volume": "160g", "saver_label": "Any 3 for \u00a37 View all", "promo_rewards": null, "product_href": "https://groceries.asda.com/product/sliced-chicken-turkey-breast/asda-extra-tasty-chicken-breast-slices-160-g/1000383167076"}, {"title": "Nicorette QuickMist Cool Berry 1mg Mouthspray", "product_code": "1000071331611", "was_price": "30.00", "price": "26.00", "price_per_uom": "13.00/", "volume": "2pk", "saver_label": null, "promo_rewards": null, "product_href": "https://groceries.asda.com/product/nicotine-sprays-inhalators/nicorette-quick-mist-cool-berry-1-mg-mouthspray/1000071331611"}, {"title": "Plantastic 5 Millionaire Flapjacks Slices Choc & Caramel", "product_code": "1000383160522", "was_price": "2.25", "price": "1.00", "price_per_uom": "20.0/", "volume": "5pk", "saver_label": null, "promo_rewards": null, "product_href": "https://groceries.asda.com/product/flapjacks-fancies-whirls/plantastic-5-millionaire-flapjacks-slices-choc-caramel/1000383160522"}, {"title": "Schweppes Ginger Ale", "product_code": "31545313", "was_price": null, "price": "1.75", "price_per_uom": "17.5/100", "volume": "1l", "saver_label": "Any 2 for \u00a32.50 View all", "promo_rewards": null, "product_href": "https://groceries.asda.com/product/mixers/schweppes-ginger-ale/31545313"}, {"title": "Pedigree Jumbone Adult Medium Dog Treat Beef & Poultry 2 Chews", "product_code": "1000192317734", "was_price": null, "price": "1.29", "price_per_uom": "7.17/", "volume": "2pk", "saver_label": "Any 3 for \u00a33 View all", "promo_rewards": null, "product_href": "https://groceries.asda.com/product/rewarding-treats/pedigree-jumbone-adult-medium-dog-treat-beef-poultry-2-chews/1000192317734"}, {"title": "ASDA Prawn Mayo on Oatmeal Bread", "product_code": "1000383175886", "was_price": null, "price": "2.50", "price_per_uom": "2.50/", "volume": "each", "saver_label": "3 for 2 View all", "promo_rewards": null, "product_href": "https://groceries.asda.com/product/sandwiches-salads-sushi/asda-prawn-mayo-on-oatmeal-bread/1000383175886"}, {"title": "Bistro by ASDA Beef Stroganoff with Wild Rice 400g", "product_code": "1000383192289", "was_price": null, "price": "4.00", "price_per_uom": "10.00/", "volume": "400g", "saver_label": "Any 2 for \u00a37 View all", "promo_rewards": null, "product_href": "https://groceries.asda.com/product/bistro-by-asda/bistro-by-asda-beef-stroganoff-with-wild-rice-400-g/1000383192289"}, {"title": "ASDA Sweet Chilli Chicken Breast Strips 350g", "product_code": "1000383184714", "was_price": null, "price": "3.50", "price_per_uom": "10.00/", "volume": "350g", "saver_label": "Any 3 for \u00a310 View all", "promo_rewards": null, "product_href": "https://groceries.asda.com/product/breasts-drumsticks-portions/asda-sweet-chilli-chicken-breast-strips-350-g/1000383184714"}, {"title": "ASDA 5 Slices Cured Pork Lunch Tongue", "product_code": "1000246055074", "was_price": null, "price": "2.00", "price_per_uom": "1.67/100", "volume": "120g", "saver_label": "Any 2 for \u00a33 View all", "promo_rewards": null, "product_href": "https://groceries.asda.com/product/corned-beef-tongue/asda-5-slices-cured-pork-lunch-tongue/1000246055074"}, {"title": "Frylight 1 Cal Olive Oil Cooking Spray", "product_code": "910000856244", "was_price": "2.75", "price": "1.75", "price_per_uom": "92.1/100", "volume": "190ml", "saver_label": null, "promo_rewards": null, "product_href": "https://groceries.asda.com/product/olive-oil/frylight-1-cal-olive-oil-cooking-spray/910000856244"}, {"title": "Exceptional by ASDA Pork & Pancetta Rolls 4 x 47g (188g)", "product_code": "1000383227618", "was_price": null, "price": "2.80", "price_per_uom": "1.49/100", "volume": "4x47g", "saver_label": "Any 3 for \u00a37 View all", "promo_rewards": null, "product_href": "https://groceries.asda.com/product/sausage-rolls/exceptional-by-asda-pork-pancetta-rolls-4-x-47-g-188-g/1000383227618"}, {"title": "Nescafe Starbucks by Nescaf\u00e9 Dolce Gusto Madagascar Vanilla Macchiato Coffee Pods", "product_code": "1000293542558", "was_price": null, "price": "4.50", "price_per_uom": "3.41/100", "volume": "12pk", "saver_label": "Any 3 for \u00a310 View all", "promo_rewards": null, "product_href": "https://groceries.asda.com/product/dolce-gusto-compatible-pods/nescafe-starbucks-by-nescafe-dolce-gusto-madagascar-vanilla-macchiato-coffee-pods/1000293542558"}, {"title": "Dunn's River Original Chocolate Flavoured Milk Drink", "product_code": "910002047153", "was_price": "1.50", "price": "1.20", "price_per_uom": "30.0/100", "volume": "400g", "saver_label": null, "promo_rewards": null, "product_href": "https://groceries.asda.com/product/milk-drinks/dunns-river-original-chocolate-flavoured-milk-drink/910002047153"}, {"title": "ASDA Diced Pancetta", "product_code": "1000312272202", "was_price": null, "price": "2.50", "price_per_uom": "1.56/100", "volume": "160g", "saver_label": "Any 3 for \u00a37 View all", "promo_rewards": null, "product_href": "https://groceries.asda.com/product/bacon/asda-diced-pancetta/1000312272202"}, {"title": "Dove Nourishing care One Cream for face, hands & body", "product_code": "1000383165126", "was_price": "7.00", "price": "4.50", "price_per_uom": "1.80/100", "volume": "250ml", "saver_label": null, "promo_rewards": null, "product_href": "https://groceries.asda.com/product/hand-creams/dove-nourishing-care-one-cream-for-face-hands-body/1000383165126"}, {"title": "Scoville Glasslux 2.2L Rectangular Dish With Lid", "product_code": "1000383189532", "was_price": "6.50", "price": "4.75", "price_per_uom": "4.75/", "volume": "2.2l", "saver_label": null, "promo_rewards": null, "product_href": "https://groceries.asda.com/product/roasting-tins-dishes/scoville-glasslux-2-2-l-rectangular-dish-with-lid/1000383189532"}, {"title": "George Home Green Beaded Frame 7 x 5 Inch", "product_code": "1000383196791", "was_price": "2.50", "price": "2.00", "price_per_uom": "2.00/", "volume": "7x5in", "saver_label": null, "promo_rewards": null, "product_href": "https://groceries.asda.com/product/photo-frames-albums/george-home-green-beaded-frame-7-x-5-inch/1000383196791"}, {"title": "Cornetto 6 Classico Ice Cream Cones", "product_code": "1000112420223", "was_price": null, "price": "3.25", "price_per_uom": "60.2/100", "volume": "540ml", "saver_label": "Any 2 for \u00a35 View all", "promo_rewards": null, "product_href": "https://groceries.asda.com/product/ice-cream-cones-sticks-bars/cornetto-6-classico-ice-cream-cones/1000112420223"}, {"title": "Rubicon Passion Fruit Juice Drink", "product_code": "1000301160990", "was_price": "1.70", "price": "1.45", "price_per_uom": "14.5/100", "volume": "1l", "saver_label": null, "promo_rewards": null, "product_href": "https://groceries.asda.com/product/long-life-fruit-juice/rubicon-passion-fruit-juice-drink/1000301160990"}, {"title": "Flarin Joint and Muscular Pain Relief 200mg Soft Capsules 16 Soft Capsules", "product_code": "1000383187709", "was_price": "6.50", "price": "5.85", "price_per_uom": "36.6/", "volume": "16pk", "saver_label": null, "promo_rewards": null, "product_href": "https://groceries.asda.com/product/back-joint-muscle-pain-relief/flarin-joint-and-muscular-pain-relief-200-mg-soft-capsules-16-soft-capsules/1000383187709"}, {"title": "Kopparberg Premium Fruit Lager Lemon & Lime", "product_code": "910003034912", "was_price": null, "price": "2.45", "price_per_uom": "4.90/", "volume": "500ml", "saver_label": "4 for 3 View all", "promo_rewards": null, "product_href": "https://groceries.asda.com/product/fruit-flavoured-cider/kopparberg-premium-fruit-lager-lemon-lime/910003034912"}, {"title": "MyVegan Baked Cookie Double Chocolate", "product_code": "1000330481072", "was_price": "2.50", "price": "2.00", "price_per_uom": "2.67/100", "volume": "75g", "saver_label": null, "promo_rewards": null, "product_href": "https://groceries.asda.com/product/protein-bars-snacks/my-vegan-baked-cookie-double-chocolate/1000330481072"}, {"title": "Cadbury Dairy Milk Cone", "product_code": "1000268223073", "was_price": null, "price": "3.50", "price_per_uom": "79.5/100", "volume": "4x110", "saver_label": "Any 2 for \u00a35 View all", "promo_rewards": null, "product_href": "https://groceries.asda.com/product/view-all-ice-cream-parlour/cadbury-dairy-milk-cone/1000268223073"}, {"title": "Maybelline Superstay Matte Ink Crayon Lipstick 95 Talk The Talk", "product_code": "1000292892582", "was_price": null, "price": "10.00", "price_per_uom": "7.04/10", "volume": "14.2g", "saver_label": null, "promo_rewards": null, "product_href": "https://groceries.asda.com/product/lipstick/maybelline-superstay-matte-ink-crayon-lipstick-95-talk-the-talk/1000292892582"}, {"title": "ASDA Chinese Style Chicken Wings", "product_code": "1000383160071", "was_price": null, "price": "2.95", "price_per_uom": "98.3/100", "volume": "300g", "saver_label": "Any 3 for \u00a37 View all", "promo_rewards": null, "product_href": "https://groceries.asda.com/product/drumsticks-wings/asda-chinese-style-chicken-wings/1000383160071"}, {"title": "Aero Melts Neapolitan Ice Cream 86g", "product_code": "1000383215683", "was_price": "1.50", "price": "1.35", "price_per_uom": "1.57/100", "volume": "86g", "saver_label": null, "promo_rewards": null, "product_href": "https://groceries.asda.com/product/chocolate-bags-cartons/aero-melts-neapolitan-ice-cream-86-g/1000383215683"}, {"title": "ScentSationals Happy Home Wax Melts", "product_code": "1000383111341", "was_price": null, "price": "2.00", "price_per_uom": "2.00/", "volume": "each", "saver_label": "Any 3 for \u00a35 View all", "promo_rewards": null, "product_href": "https://groceries.asda.com/product/wax-cubes-and-burners/scent-sationals-happy-home-wax-melts/1000383111341"}, {"title": "Highland Spring Still Spring Water Bottles", "product_code": "910000887085", "was_price": "4.00", "price": "3.50", "price_per_uom": "3.9/100", "volume": "6x1.5", "saver_label": null, "promo_rewards": null, "product_href": "https://groceries.asda.com/product/still-water/highland-spring-still-spring-water-bottles/910000887085"}, {"title": "George Home Natural Jumbo Cord Cushion", "product_code": "1000324047437", "was_price": null, "price": "7.00", "price_per_uom": "7.00/", "volume": "50x50", "saver_label": "Any 2 for \u00a312 View all", "promo_rewards": null, "product_href": "https://groceries.asda.com/product/cushions/george-home-natural-jumbo-cord-cushion/1000324047437"}, {"title": "George Home Birthday Card", "product_code": "1000383165320", "was_price": null, "price": "1.50", "price_per_uom": "1.50/", "volume": "each", "saver_label": "Any 3 for \u00a33 View all", "promo_rewards": null, "product_href": "https://groceries.asda.com/product/greeting-cards/george-home-birthday-card/1000383165320"}, {"title": "Warburtons Gluten Free 4 Crumpets", "product_code": "1000017269966", "was_price": "2.25", "price": "2.00", "price_per_uom": "68.5/100", "volume": "4x73g", "saver_label": null, "promo_rewards": null, "product_href": "https://groceries.asda.com/product/gluten-free-treats-baked-goods/warburtons-gluten-free-4-crumpets/1000017269966"}, {"title": "Olay Regenerist 3 Point Anti-Ageing Moisturising Day Cream", "product_code": "910000046728", "was_price": "34.00", "price": "17.00", "price_per_uom": "34.00/100", "volume": "50ml", "saver_label": null, "promo_rewards": null, "product_href": "https://groceries.asda.com/product/day-creams-moisturisers/olay-regenerist-3-point-anti-ageing-moisturising-day-cream/910000046728"}, {"title": "Paperback Little Girl Lost by Casey Watson", "product_code": "1000383235215", "was_price": null, "price": "5.00", "price_per_uom": "5.00/", "volume": "each", "saver_label": "Any 2 for \u00a39 View all", "promo_rewards": null, "product_href": "https://groceries.asda.com/product/paperback-books/paperback-little-girl-lost-by-casey-watson/1000383235215"}, {"title": "Goodfella's Mozzarella Cheese Bites 200g", "product_code": "1000383217097", "was_price": null, "price": "2.50", "price_per_uom": "12.50/", "volume": "200g", "saver_label": "Any 2 for \u00a34 View all", "promo_rewards": null, "product_href": "https://groceries.asda.com/product/takeaway-snacks-sides/goodfellas-mozzarella-cheese-bites-200-g/1000383217097"}, {"title": "Ben & Jerry's Chocolate Fudge Brownie Ice Cream Tub", "product_code": "1000189263323", "was_price": "5.15", "price": "3.75", "price_per_uom": "80.7/100", "volume": "465ml", "saver_label": null, "promo_rewards": null, "product_href": "https://groceries.asda.com/product/family-sized-ice-cream-tubs/ben-jerrys-chocolate-fudge-brownie-ice-cream-tub/1000189263323"}, {"title": "Batiste Blush Dry Shampoo", "product_code": "910000919213", "was_price": null, "price": "3.25", "price_per_uom": "1.62/100", "volume": "200ml", "saver_label": "Any 2 for \u00a35 View all", "promo_rewards": null, "product_href": "https://groceries.asda.com/product/dry-shampoo/batiste-blush-dry-shampoo/910000919213"}, {"title": "L'Oreal Paris Telescopic Lift Mascara Extra Black", "product_code": "1000383192100", "was_price": null, "price": "12.99", "price_per_uom": "16.24/10", "volume": "8ml", "saver_label": "Any 2 for \u00a314 View all", "promo_rewards": null, "product_href": "https://groceries.asda.com/product/mascara/l-oreal-paris-telescopic-lift-mascara-extra-black/1000383192100"}, {"title": "TRESemm\u00e9 Keratin Smooth Salon Shine Waves Hair Curling Wand", "product_code": "1000383185827", "was_price": "32.00", "price": "25.00", "price_per_uom": "25.00/", "volume": "each", "saver_label": null, "promo_rewards": null, "product_href": "https://groceries.asda.com/product/hair-straighteners-stylers/tre-semme-keratin-smooth-salon-shine-waves-hair-curling-wand/1000383185827"}, {"title": "Peppa Pig: Peppa's First Day at School by Peppa Pig", "product_code": "1000383228024", "was_price": null, "price": "4.00", "price_per_uom": "4.00/", "volume": "each", "saver_label": "Any 2 for \u00a37 View all", "promo_rewards": null, "product_href": "https://groceries.asda.com/product/kids-books/peppa-pig-peppas-first-day-at-school-by-peppa-pig/1000383228024"}, {"title": "ASDA Skipjack Tuna Chunks in Spring Water", "product_code": "1000046413092", "was_price": "2.94", "price": "2.62", "price_per_uom": "64.2/100", "volume": "4x145g", "saver_label": null, "promo_rewards": null, "product_href": "https://groceries.asda.com/product/tuna/asda-skipjack-tuna-chunks-in-spring-water/1000046413092"}, {"title": "ASDA Greaseproof & Baking Non Stick Paper", "product_code": "910000045220", "was_price": null, "price": "1.45", "price_per_uom": "14.5/", "volume": "10m", "saver_label": null, "promo_rewards": null, "product_href": "https://groceries.asda.com/product/foil-trays-baking-paper/asda-greaseproof-baking-non-stick-paper/910000045220"}, {"title": "Indus Biryani Recipe & Seasoning Mix", "product_code": "1000383112096", "was_price": "0.75", "price": "0.65", "price_per_uom": "13.0/10", "volume": "50g", "saver_label": null, "promo_rewards": null, "product_href": "https://groceries.asda.com/product/indian-asian-cooking-ingredients/indus-biryani-recipe-seasoning-mix/1000383112096"}, {"title": "Salt Jute Session IPA Cans", "product_code": "1000383165047", "was_price": null, "price": "6.00", "price_per_uom": "4.55/", "volume": "4x330", "saver_label": "Any 2 for \u00a310 View all", "promo_rewards": null, "product_href": "https://groceries.asda.com/product/ip-as/salt-jute-session-ipa-cans/1000383165047"}, {"title": "Clean & Clear Morning Energy Skin Energising Daily Facial Scrub", "product_code": "910000447784", "was_price": "4.00", "price": "3.00", "price_per_uom": "2.00/100", "volume": "150ml", "saver_label": null, "promo_rewards": null, "product_href": "https://groceries.asda.com/product/face-scrubs-exfoliators/clean-clear-morning-energy-skin-energising-daily-facial-scrub/910000447784"}, {"title": "Heinz Kids 4 Beanz Burgerz Super Cheesy Cauliflower 200g", "product_code": "1000383206483", "was_price": "3.00", "price": "2.00", "price_per_uom": "10.00/", "volume": "200g", "saver_label": null, "promo_rewards": null, "product_href": "https://groceries.asda.com/product/sausages-burgers/heinz-kids-4-beanz-burgerz-super-cheesy-cauliflower-200-g/1000383206483"}, {"title": "Paperback The Wedding of the Year by Jill Mansell", "product_code": "1000383238763", "was_price": null, "price": "5.50", "price_per_uom": "5.50/", "volume": "each", "saver_label": "Any 2 for \u00a39 View all", "promo_rewards": null, "product_href": "https://groceries.asda.com/product/paperback-books/paperback-the-wedding-of-the-year-by-jill-mansell/1000383238763"}, {"title": "ASDA Extra Special Sauvignon Blanc", "product_code": "910001425242", "was_price": null, "price": "6.50", "price_per_uom": "6.50/753", "volume": "75cl", "saver_label": null, "promo_rewards": null, "product_href": "https://groceries.asda.com/product/sauvignon-blanc/asda-extra-special-sauvignon-blanc/910001425242"}, {"title": "Schweppes Slimline Bitter Lemon", "product_code": "31545306", "was_price": null, "price": "1.75", "price_per_uom": "17.5/100", "volume": "1l", "saver_label": "Any 2 for \u00a32.50 View all", "promo_rewards": null, "product_href": "https://groceries.asda.com/product/mixers/schweppes-slimline-bitter-lemon/31545306"}, {"title": "ASDA Extra Special Dry Cured Gammon Steaks Unsmoked", "product_code": "1000121694393", "was_price": null, "price": "4.40", "price_per_uom": "11.89/", "volume": "370g", "saver_label": "Any 2 for \u00a38 View all", "promo_rewards": null, "product_href": "https://groceries.asda.com/product/gammon/asda-extra-special-dry-cured-gammon-steaks-unsmoked/1000121694393"}, {"title": "Dairylea Dunkers Jumbo Tubes Cheese Snacks", "product_code": "1000319492789", "was_price": null, "price": "1.25", "price_per_uom": "3.05/100", "volume": "41g", "saver_label": "3 for 2 View all", "promo_rewards": null, "product_href": "https://groceries.asda.com/product/snacks/dairylea-dunkers-jumbo-tubes-cheese-snacks/1000319492789"}, {"title": "Max Factor Colour Elixir Lipstick 090 English Rose", "product_code": "1000217105201", "was_price": null, "price": "9.98", "price_per_uom": "24.95/10", "volume": "4gr", "saver_label": "Any 2 for \u00a314 View all", "promo_rewards": null, "product_href": "https://groceries.asda.com/product/lipstick/max-factor-colour-elixir-lipstick-090-english-rose/1000217105201"}, {"title": "ASDA  Kids Multivitamin Jellies Blackcurrant Flavour 1 a Day 3+ Years", "product_code": "1000210251462", "was_price": null, "price": "3.25", "price_per_uom": "10.8/", "volume": "30pk", "saver_label": "3 for 2 View all", "promo_rewards": null, "product_href": "https://groceries.asda.com/product/childrens-vitamins/asda-kids-multivitamin-jellies-blackcurrant-flavour-1-a-day-3-years/1000210251462"}, {"title": "Fanta Orange Zero Cans", "product_code": "910000201384", "was_price": null, "price": "3.75", "price_per_uom": "14.2/100", "volume": "8x330", "saver_label": "Any 2 for \u00a37 View all", "promo_rewards": null, "product_href": "https://groceries.asda.com/product/fanta/fanta-orange-zero-cans/910000201384"}, {"title": "Paperback Diary of a Wimpy Kid: Wrecking Ball (Book 14) by Jeff Kinney", "product_code": "1000278279331", "was_price": null, "price": "4.00", "price_per_uom": "4.00/", "volume": "each", "saver_label": "Any 2 for \u00a37 View all", "promo_rewards": null, "product_href": "https://groceries.asda.com/product/kids-books/paperback-diary-of-a-wimpy-kid-wrecking-ball-book-14-by-jeff-kinney/1000278279331"}, {"title": "Fever-Tree Refreshingly Light Sicilian Lemonade", "product_code": "1000047424463", "was_price": "2.10", "price": "1.60", "price_per_uom": "32.0/100", "volume": "500ml", "saver_label": null, "promo_rewards": null, "product_href": "https://groceries.asda.com/product/adult-soft-drinks/fever-tree-refreshingly-light-sicilian-lemonade/1000047424463"}, {"title": "ASDA Cheese Twists 125g", "product_code": "484671", "was_price": "0.85", "price": "0.75", "price_per_uom": "60.0/100", "volume": "125g", "saver_label": null, "promo_rewards": null, "product_href": "https://groceries.asda.com/product/breadsticks-twists/asda-cheese-twists-125-g/484671"}, {"title": "Maybelline Fit Me Matte & Poreless Full Coverage Matte Blendable Foundation 312 Golden", "product_code": "1000383192093", "was_price": null, "price": "9.00", "price_per_uom": "2.14/10", "volume": "42g", "saver_label": "Any 2 for \u00a312 View all", "promo_rewards": null, "product_href": "https://groceries.asda.com/product/foundation-bb-cc-cream/maybelline-fit-me-matte-poreless-full-coverage-matte-blendable-foundation-312-golden/1000383192093"}, {"title": "Guinness Draught Stout Beer 8 x  Can (food pack)", "product_code": "1000315199577", "was_price": "12.50", "price": "10.00", "price_per_uom": "2.84/", "volume": "8x440", "saver_label": null, "promo_rewards": null, "product_href": "https://groceries.asda.com/product/stout/guinness-draught-stout-beer-8-x-can-food-pack/1000315199577"}, {"title": "The Famous Grouse Finest Blended Scotch Whisky", "product_code": "18901", "was_price": "22.50", "price": "18.50", "price_per_uom": "18.50/", "volume": "1l", "saver_label": null, "promo_rewards": null, "product_href": "https://groceries.asda.com/product/scotch-malt-whisky/the-famous-grouse-finest-blended-scotch-whisky/18901"}, {"title": "Lindt Classic Recipe Milk Hazelnuts 100g", "product_code": "1000383211172", "was_price": "2.00", "price": "1.60", "price_per_uom": "1.60/100", "volume": "100g", "saver_label": null, "promo_rewards": null, "product_href": "https://groceries.asda.com/product/sharing-chocolate-bars/lindt-classic-recipe-milk-hazelnuts-100-g/1000383211172"}, {"title": "House of Yum by ASDA Jasmine Sticky Rice 300g", "product_code": "1000383193164", "was_price": null, "price": "2.50", "price_per_uom": "8.33/", "volume": "300g", "saver_label": null, "promo_rewards": null, "product_href": "https://groceries.asda.com/product/chinese-asian/house-of-yum-by-asda-jasmine-sticky-rice-300-g/1000383193164"}, {"title": "ASDA Hazy Pale", "product_code": "1000383142146", "was_price": null, "price": "1.50", "price_per_uom": "4.55/", "volume": "330ml", "saver_label": "4 for 3 View all", "promo_rewards": null, "product_href": "https://groceries.asda.com/product/pale-ales/asda-hazy-pale/1000383142146"}, {"title": "Siren Craft Brew Tropical IPA 440ml", "product_code": "1000313397474", "was_price": null, "price": "3.00", "price_per_uom": "6.82/", "volume": "440ml", "saver_label": "4 for 3 View all", "promo_rewards": null, "product_href": "https://groceries.asda.com/product/pale-ales/siren-craft-brew-tropical-ipa-440-ml/1000313397474"}, {"title": "Fox's Favourites Crunch Creams Golden 200g", "product_code": "1000354397132", "was_price": "1.25", "price": "0.90", "price_per_uom": "45.0/100", "volume": "200g", "saver_label": null, "promo_rewards": null, "product_href": "https://groceries.asda.com/product/plain-biscuits/foxs-favourites-crunch-creams-golden-200-g/1000354397132"}, {"title": "The Tofoo Co. Marinated Smoky BBQ Strips 180g", "product_code": "1000383207574", "was_price": "2.85", "price": "2.35", "price_per_uom": "13.06/", "volume": "180g", "saver_label": null, "promo_rewards": null, "product_href": "https://groceries.asda.com/product/tofu-tempeh/the-tofoo-co-marinated-smoky-bbq-strips-180-g/1000383207574"}, {"title": "Nutriburst GreenVita Apple Flavour 60 Gummies", "product_code": "1000383219513", "was_price": null, "price": "8.00", "price_per_uom": "13.3/", "volume": "60pk", "saver_label": null, "promo_rewards": "Super star", "product_href": "https://groceries.asda.com/product/hair-skin-nails-vitamins/nutriburst-green-vita-apple-flavour-60-gummies/1000383219513"}, {"title": "Apothic Merlot 750ml", "product_code": "1000383189185", "was_price": null, "price": "10.00", "price_per_uom": "10.00/753", "volume": "75cl", "saver_label": null, "promo_rewards": null, "product_href": "https://groceries.asda.com/product/merlot/apothic-merlot-750-ml/1000383189185"}, {"title": "Femfresh Intimate Hygiene Daily Intimate Wash", "product_code": "910000394611", "was_price": null, "price": "2.75", "price_per_uom": "1.10/100", "volume": "250ml", "saver_label": null, "promo_rewards": null, "product_href": "https://groceries.asda.com/product/feminine-washes-accessories/femfresh-intimate-hygiene-daily-intimate-wash/910000394611"}, {"title": "KP Original Salted Peanuts", "product_code": "1000020329376", "was_price": "3.25", "price": "2.50", "price_per_uom": "1.00/100", "volume": "250g", "saver_label": null, "promo_rewards": null, "product_href": "https://groceries.asda.com/product/salted-roasted-flavoured-nuts/kp-original-salted-peanuts/1000020329376"}, {"title": "Rimmel London 60 Seconds Super Shine By Rita Ora Roll In The Grass", "product_code": "910001751290", "was_price": null, "price": "3.95", "price_per_uom": "4.94/10", "volume": "8ml", "saver_label": "Any 2 for \u00a37 View all", "promo_rewards": null, "product_href": "https://groceries.asda.com/product/nail-polish/rimmel-london-60-seconds-super-shine-by-rita-ora-roll-in-the-grass/910001751290"}, {"title": "Garnier Anti Dark Spot Night Serum, 10% Pure Vitamin C & Hyaluronic Acid 30ml", "product_code": "1000383164213", "was_price": "14.00", "price": "9.35", "price_per_uom": "31.17/100", "volume": "30ml", "saver_label": null, "promo_rewards": null, "product_href": "https://groceries.asda.com/product/face-serums-oils/garnier-anti-dark-spot-night-serum-10-pure-vitamin-c-hyaluronic-acid-30-ml/1000383164213"}, {"title": "Lindt LINDOR EXTRA DARK 200g", "product_code": "1000383208397", "was_price": "6.30", "price": "5.00", "price_per_uom": "2.50/100", "volume": "200g", "saver_label": null, "promo_rewards": null, "product_href": "https://groceries.asda.com/product/boxes-of-chocolates/lindt-lindor-extra-dark-200-g/1000383208397"}, {"title": "LEGO DUPLO Town Recycling Truck Sorting Toy 10987", "product_code": "1000383182758", "was_price": null, "price": "18.00", "price_per_uom": "18.00/", "volume": "each", "saver_label": "Any 2 for \u00a330 View all", "promo_rewards": null, "product_href": "https://groceries.asda.com/product/lego/lego-duplo-town-recycling-truck-sorting-toy-10987/1000383182758"}, {"title": "Ben's Original Pilau Microwave Rice", "product_code": "1000383175099", "was_price": "1.40", "price": "1.00", "price_per_uom": "4.55/", "volume": "220g", "saver_label": null, "promo_rewards": null, "product_href": "https://groceries.asda.com/product/pilau-indian-microwavable-rice/bens-original-pilau-microwave-rice/1000383175099"}, {"title": "Vivera Plant Bacon", "product_code": "1000383159049", "was_price": "2.90", "price": "2.40", "price_per_uom": "13.71/", "volume": "175g", "saver_label": null, "promo_rewards": null, "product_href": "https://groceries.asda.com/product/vegan-bacon-sausages/vivera-plant-bacon/1000383159049"}, {"title": "Kwai Blood Pressure Potassium, Magnesium + Vitamin B6 and B12 30 Tablets", "product_code": "1000359738159", "was_price": null, "price": "14.25", "price_per_uom": "47.5/", "volume": "30pk", "saver_label": "3 for 2 View all", "promo_rewards": null, "product_href": "https://groceries.asda.com/product/omegas-heart-health-vitamins/kwai-blood-pressure-potassium-magnesium-vitamin-b-6-and-b-12-30-tablets/1000359738159"}, {"title": "Hanson White Humorous Chimp Birthday Card", "product_code": "1000380049925", "was_price": null, "price": "1.50", "price_per_uom": "1.50/", "volume": "each", "saver_label": "Any 3 for \u00a33 View all", "promo_rewards": null, "product_href": "https://groceries.asda.com/product/greeting-cards/hanson-white-humorous-chimp-birthday-card/1000380049925"}, {"title": "E. Wedel Premium Milk Chocolate with Whole Hazelnuts", "product_code": "1000250137749", "was_price": "1.35", "price": "1.20", "price_per_uom": "1.20/100", "volume": "100g", "saver_label": null, "promo_rewards": null, "product_href": "https://groceries.asda.com/product/eastern-european-snacks-drinks/e-wedel-premium-milk-chocolate-with-whole-hazelnuts/1000250137749"}, {"title": "Skinny Dream 5 x 24g", "product_code": "1000383216151", "was_price": "1.75", "price": "1.00", "price_per_uom": "83.3/100", "volume": "5x24g", "saver_label": null, "promo_rewards": null, "product_href": "https://groceries.asda.com/product/multipack-chocolate/skinny-dream-5-x-24-g/1000383216151"}, {"title": "The Bakehouse Limited Edition Jaffa Choc Chunk & Orange Cookies 230g", "product_code": "1000383182062", "was_price": "2.50", "price": "1.50", "price_per_uom": "65.2/100", "volume": "230g", "saver_label": null, "promo_rewards": null, "product_href": "https://groceries.asda.com/product/cookies/the-bakehouse-limited-edition-jaffa-choc-chunk-orange-cookies-230-g/1000383182062"}, {"title": "Rimmel London Stay Matte Pressed Powder Silky Beige", "product_code": "910000058148", "was_price": null, "price": "4.95", "price_per_uom": "3.54/10", "volume": "14g", "saver_label": null, "promo_rewards": null, "product_href": "https://groceries.asda.com/product/powder/rimmel-london-stay-matte-pressed-powder-silky-beige/910000058148"}, {"title": "Grafix Super Game 8 in 1 ( Age 6+ Years)", "product_code": "1000299187655", "was_price": null, "price": "7.00", "price_per_uom": "7.00/", "volume": "each", "saver_label": "Any 2 for \u00a310 View all", "promo_rewards": null, "product_href": "https://groceries.asda.com/product/board-games-puzzles/grafix-super-game-8-in-1-age-6-years/1000299187655"}, {"title": "Lanson Ros\u00e9 Champagne", "product_code": "910001196337", "was_price": "46.00", "price": "37.00", "price_per_uom": "37.00/753", "volume": "75cl", "saver_label": null, "promo_rewards": null, "product_href": "https://groceries.asda.com/product/champagne/lanson-rose-champagne/910001196337"}, {"title": "Rimmel London Lasting Finish Primer", "product_code": "910001751362", "was_price": null, "price": "7.95", "price_per_uom": "2.65/10", "volume": "30ml", "saver_label": null, "promo_rewards": null, "product_href": "https://groceries.asda.com/product/primer/rimmel-london-lasting-finish-primer/910001751362"}, {"title": "Max Factor Lasting Performance Foundation 101 Ivory Beige", "product_code": "1000244431744", "was_price": null, "price": "9.98", "price_per_uom": "1.90/10", "volume": "52.5g", "saver_label": "Any 2 for \u00a314 View all", "promo_rewards": null, "product_href": "https://groceries.asda.com/product/foundation-bb-cc-cream/max-factor-lasting-performance-foundation-101-ivory-beige/1000244431744"}, {"title": "Vocation Special Edition Death by Cherries Cherry Sour 440ml", "product_code": "1000383219130", "was_price": null, "price": "3.00", "price_per_uom": "6.82/", "volume": "440ml", "saver_label": "4 for 3 View all", "promo_rewards": null, "product_href": "https://groceries.asda.com/product/fruity-beers/vocation-special-edition-death-by-cherries-cherry-sour-440-ml/1000383219130"}, {"title": "George Home Bon Bon Jar", "product_code": "1000383202181", "was_price": "3.00", "price": "2.50", "price_per_uom": "2.50/", "volume": "2.15l", "saver_label": null, "promo_rewards": null, "product_href": "https://groceries.asda.com/product/storage-containers/george-home-bon-bon-jar/1000383202181"}, {"title": "Max Factor Lasting Performance 109 Natural Bronze", "product_code": "769170", "was_price": null, "price": "9.98", "price_per_uom": "2.85/10", "volume": "35ml", "saver_label": "Any 2 for \u00a314 View all", "promo_rewards": null, "product_href": "https://groceries.asda.com/product/foundation-bb-cc-cream/max-factor-lasting-performance-109-natural-bronze/769170"}, {"title": "Heinz Minestrone Soup", "product_code": "1972990", "was_price": null, "price": "1.70", "price_per_uom": "42.5/100", "volume": "400g", "saver_label": "Any 4 for \u00a34 View all", "promo_rewards": null, "product_href": "https://groceries.asda.com/product/tinned-soup/heinz-minestrone-soup/1972990"}, {"title": "Rimmel London Kind & Free Nail Polish Fresh Undone 8ml", "product_code": "1000383191057", "was_price": null, "price": "5.95", "price_per_uom": "7.44/10", "volume": "8ml", "saver_label": null, "promo_rewards": null, "product_href": "https://groceries.asda.com/product/nail-polish/rimmel-london-kind-free-nail-polish-fresh-undone-8-ml/1000383191057"}, {"title": "Veetee Mega Basmati Extra Long Premium Rice 5kg", "product_code": "1000383165232", "was_price": "12.00", "price": "11.00", "price_per_uom": "2.20/", "volume": "5kg", "saver_label": null, "promo_rewards": null, "product_href": "https://groceries.asda.com/product/indian-asian-rice/veetee-mega-basmati-extra-long-premium-rice-5-kg/1000383165232"}, {"title": "Ben & Jerry's Caramel Brownie Party Ice Cream", "product_code": "1000320855416", "was_price": "5.15", "price": "3.75", "price_per_uom": "80.7/100", "volume": "465ml", "saver_label": null, "promo_rewards": null, "product_href": "https://groceries.asda.com/product/family-sized-ice-cream-tubs/ben-jerrys-caramel-brownie-party-ice-cream/1000320855416"}, {"title": "Squeaky Bean Char-Grilled Cajun Mini Fillets", "product_code": "1000280857005", "was_price": "2.85", "price": "2.00", "price_per_uom": "16.67/", "volume": "120g", "saver_label": null, "promo_rewards": null, "product_href": "https://groceries.asda.com/product/meat-alternatives/squeaky-bean-char-grilled-cajun-mini-fillets/1000280857005"}, {"title": "Ambrosia Low Fat Devon Custard", "product_code": "910000446465", "was_price": null, "price": "1.60", "price_per_uom": "40.0/100", "volume": "400g", "saver_label": "Any 2 for \u00a32.50 View all", "promo_rewards": null, "product_href": "https://groceries.asda.com/product/custard/ambrosia-low-fat-devon-custard/910000446465"}, {"title": "Boofle Daddy Birthday Card", "product_code": "1000349324240", "was_price": null, "price": "1.50", "price_per_uom": "1.50/", "volume": "each", "saver_label": "Any 3 for \u00a33 View all", "promo_rewards": null, "product_href": "https://groceries.asda.com/product/greeting-cards/boofle-daddy-birthday-card/1000349324240"}, {"title": "So...? Unique Truffle Cream White Chocolate & Coconut Flower Body Mist", "product_code": "1000311822965", "was_price": "5.00", "price": "3.50", "price_per_uom": "2.33/100", "volume": "150ml", "saver_label": null, "promo_rewards": null, "product_href": "https://groceries.asda.com/product/womens-body-spray-mists/so-unique-truffle-cream-white-chocolate-coconut-flower-body-mist/1000311822965"}, {"title": "Jacob's Crispbreads Chive Crackers 5 x 30g, 190g", "product_code": "910001258488", "was_price": "1.90", "price": "1.25", "price_per_uom": "65.8/100", "volume": "5x38g", "saver_label": null, "promo_rewards": null, "product_href": "https://groceries.asda.com/product/cream-crackers/jacobs-crispbreads-chive-crackers-5-x-30-g-190-g/910001258488"}, {"title": "Aveeno Blackberry & Quinoa Blend Conditioner", "product_code": "1000383161937", "was_price": "9.00", "price": "5.35", "price_per_uom": "1.78/100", "volume": "300ml", "saver_label": null, "promo_rewards": null, "product_href": "https://groceries.asda.com/product/conditioner/aveeno-blackberry-quinoa-blend-conditioner/1000383161937"}, {"title": "Veet Men Intimate Hair Removal Kit", "product_code": "1000383162904", "was_price": "10.50", "price": "8.50", "price_per_uom": "5.67/100", "volume": "150ml", "saver_label": null, "promo_rewards": null, "product_href": "https://groceries.asda.com/product/mens-shaving-gel-foam-balm/veet-men-intimate-hair-removal-kit/1000383162904"}, {"title": "Official CoComelon: Opposites by Cocomelon", "product_code": "1000383237741", "was_price": null, "price": "4.00", "price_per_uom": "4.00/", "volume": "each", "saver_label": "Any 2 for \u00a37 View all", "promo_rewards": null, "product_href": "https://groceries.asda.com/product/kids-books/official-co-comelon-opposites-by-cocomelon/1000383237741"}, {"title": "George Home Natural Trend Storage Basket", "product_code": "1000383213356", "was_price": "7.00", "price": "5.50", "price_per_uom": "5.50/", "volume": "each", "saver_label": null, "promo_rewards": null, "product_href": "https://groceries.asda.com/product/storage-containers/george-home-natural-trend-storage-basket/1000383213356"}, {"title": "Max Factor 2000 Calorie Pro Stylist Mascara - Black, 9ml", "product_code": "1000383191007", "was_price": null, "price": "10.98", "price_per_uom": "12.20/10", "volume": "9ml", "saver_label": null, "promo_rewards": null, "product_href": "https://groceries.asda.com/product/mascara/max-factor-2000-calorie-pro-stylist-mascara-black-9-ml/1000383191007"}, {"title": "ASDA Honey & Mustard Gammon Joint", "product_code": "1000383110446", "was_price": null, "price": "4.40", "price_per_uom": "9.78/", "volume": "450g", "saver_label": "Any 2 for \u00a38 View all", "promo_rewards": null, "product_href": "https://groceries.asda.com/product/simple-to-cook/asda-honey-mustard-gammon-joint/1000383110446"}, {"title": "This Isn't Beef Mince 250g", "product_code": "1000383173469", "was_price": null, "price": "3.30", "price_per_uom": "13.20/", "volume": "250g", "saver_label": "Any 2 for \u00a35 View all", "promo_rewards": null, "product_href": "https://groceries.asda.com/product/vegan-burgers-mince/this-isnt-beef-mince-250-g/1000383173469"}, {"title": "Lynx Black Shower Gel", "product_code": "1000194987784", "was_price": "3.00", "price": "2.25", "price_per_uom": "45.0/100", "volume": "500ml", "saver_label": null, "promo_rewards": null, "product_href": "https://groceries.asda.com/product/shower-gel-body-wash/lynx-black-shower-gel/1000194987784"}, {"title": "Flash Duster Dust Magnet Trap & Lock Refills 5", "product_code": "1000339333856", "was_price": "5.00", "price": "3.00", "price_per_uom": "60.0/", "volume": "5pk", "saver_label": null, "promo_rewards": null, "product_href": "https://groceries.asda.com/product/carpet-floor-cleaners-mops/flash-duster-dust-magnet-trap-lock-refills-5/1000339333856"}, {"title": "Max Factor Honey Lacquer Indulgent Coral", "product_code": "1000002365813", "was_price": null, "price": "9.98", "price_per_uom": "26.26/10", "volume": "3.8ml", "saver_label": null, "promo_rewards": null, "product_href": "https://groceries.asda.com/product/lipstick/max-factor-honey-lacquer-indulgent-coral/1000002365813"}, {"title": "Ben & Jerry's Caramel Brownie Party Ice Cream", "product_code": "1000320855416", "was_price": "5.15", "price": "3.75", "price_per_uom": "80.7/100", "volume": "465ml", "saver_label": null, "promo_rewards": null, "product_href": "https://groceries.asda.com/product/family-sized-ice-cream-tubs/ben-jerrys-caramel-brownie-party-ice-cream/1000320855416"}, {"title": "Vocation Special Edition Aoraki DIPA 440ml", "product_code": "1000383218816", "was_price": null, "price": "3.75", "price_per_uom": "8.52/", "volume": "440ml", "saver_label": "4 for 3 View all", "promo_rewards": null, "product_href": "https://groceries.asda.com/product/ip-as/vocation-special-edition-aoraki-dipa-440-ml/1000383218816"}, {"title": "The Snail and the Whale by Julia Donaldson", "product_code": "1000378540245", "was_price": null, "price": "4.00", "price_per_uom": "4.00/", "volume": "each", "saver_label": "Any 2 for \u00a37 View all", "promo_rewards": null, "product_href": "https://groceries.asda.com/product/kids-books/the-snail-and-the-whale-by-julia-donaldson/1000378540245"}, {"title": "ASDA Roast Chicken Flavour Bites 180g", "product_code": "1000127514741", "was_price": null, "price": "2.15", "price_per_uom": "1.19/100", "volume": "180g", "saver_label": "Any 2 for \u00a33.50 View all", "promo_rewards": null, "product_href": "https://groceries.asda.com/product/party-food/asda-roast-chicken-flavour-bites-180-g/1000127514741"}, {"title": "Garnier Nutrisse Ultra Cr\u00e8me Permanent Hair Dye Natural Golden Dark Blonde", "product_code": "1000383118172", "was_price": null, "price": "8.00", "price_per_uom": "8.00/", "volume": "each", "saver_label": "Any 2 for \u00a312 View all", "promo_rewards": null, "product_href": "https://groceries.asda.com/product/permanent-hair-dye/garnier-nutrisse-ultra-creme-permanent-hair-dye-natural-golden-dark-blonde/1000383118172"}, {"title": "Peperami BBQ Lunchbox Minis 10 x 10g (100g)", "product_code": "1000383205851", "was_price": "3.00", "price": "2.50", "price_per_uom": "2.50/100", "volume": "10x10g", "saver_label": null, "promo_rewards": null, "product_href": "https://groceries.asda.com/product/pork-chicken-beef-snacks/peperami-bbq-lunchbox-minis-10-x-10-g-100-g/1000383205851"}, {"title": "Fuller's London Pride Outstanding Premium Ale", "product_code": "24762", "was_price": null, "price": "2.30", "price_per_uom": "4.60/", "volume": "500ml", "saver_label": "4 for 3 View all", "promo_rewards": null, "product_href": "https://groceries.asda.com/product/ale/fullers-london-pride-outstanding-premium-ale/24762"}, {"title": "Desperados Original Tequila Flavoured Beer Bottles", "product_code": "910000881865", "was_price": null, "price": "5.50", "price_per_uom": "5.56/", "volume": "3x330", "saver_label": "Any 2 for \u00a310 View all", "promo_rewards": null, "product_href": "https://groceries.asda.com/product/bottled-lagers/desperados-original-tequila-flavoured-beer-bottles/910000881865"}, {"title": "St Austell Brewery Mena DHU Stout", "product_code": "1000380302416", "was_price": null, "price": "2.15", "price_per_uom": "4.30/", "volume": "500ml", "saver_label": "4 for 3 View all", "promo_rewards": null, "product_href": "https://groceries.asda.com/product/stout/st-austell-brewery-mena-dhu-stout/1000380302416"}, {"title": "ASDA British Mild Grated Cheddar Cheese 250g", "product_code": "910001331711", "was_price": null, "price": "2.50", "price_per_uom": "10.00/", "volume": "250g", "saver_label": "Any 2 for \u00a34 View all", "promo_rewards": null, "product_href": "https://groceries.asda.com/product/grated-sliced-cheese/asda-british-mild-grated-cheddar-cheese-250-g/910001331711"}, {"title": "Misfits Nasher Sticks Adult Medium Dog Treats with Chicken and Beef", "product_code": "910000447517", "was_price": null, "price": "1.15", "price_per_uom": "6.76/", "volume": "7pk", "saver_label": "Any 3 for \u00a33 View all", "promo_rewards": null, "product_href": "https://groceries.asda.com/product/rewarding-treats/misfits-nasher-sticks-adult-medium-dog-treats-with-chicken-and-beef/910000447517"}, {"title": "Applied Nutrition Diet Protein Chocolate Dessert", "product_code": "1000383134279", "was_price": "13.00", "price": "10.00", "price_per_uom": "22.22/", "volume": "450g", "saver_label": null, "promo_rewards": null, "product_href": "https://groceries.asda.com/product/protein-shakes-powders/applied-nutrition-diet-protein-chocolate-dessert/1000383134279"}, {"title": "George Home Black Slim Photo Frame", "product_code": "1000105873589", "was_price": "2.50", "price": "2.00", "price_per_uom": "2.00/", "volume": "9x7in", "saver_label": null, "promo_rewards": null, "product_href": "https://groceries.asda.com/product/photo-frames-albums/george-home-black-slim-photo-frame/1000105873589"}, {"title": "Dreamies Mix Cat Treat Biscuits with Chicken & Duck", "product_code": "910000511330", "was_price": null, "price": "1.29", "price_per_uom": "21.50/", "volume": "60g", "saver_label": "Any 3 for \u00a33 View all", "promo_rewards": null, "product_href": "https://groceries.asda.com/product/cat-biscuit-treats/dreamies-mix-cat-treat-biscuits-with-chicken-duck/910000511330"}, {"title": "De Bortoli Botrytis Semillon", "product_code": "1000383134033", "was_price": null, "price": "8.00", "price_per_uom": "16.00/753", "volume": "37.5cl", "saver_label": null, "promo_rewards": null, "product_href": "https://groceries.asda.com/product/all-other-grapes/de-bortoli-botrytis-semillon/1000383134033"}, {"title": "ASDA Spicy Continental Platter 120g", "product_code": "1000383163881", "was_price": null, "price": "2.50", "price_per_uom": "2.08/100", "volume": "120g", "saver_label": "Any 3 for \u00a37 View all", "promo_rewards": null, "product_href": "https://groceries.asda.com/product/tapas-antipasti/asda-spicy-continental-platter-120-g/1000383163881"}, {"title": "Nestle Shredded Wheat Honey & Nut", "product_code": "34702", "was_price": "3.50", "price": "2.50", "price_per_uom": "50.0/100", "volume": "500g", "saver_label": null, "promo_rewards": null, "product_href": "https://groceries.asda.com/product/wheat-biscuits-mini-wheats/nestle-shredded-wheat-honey-nut/34702"}, {"title": "Heinz Beef Broth Chunky Big Soup", "product_code": "1972553", "was_price": null, "price": "2.00", "price_per_uom": "50.0/100", "volume": "400g", "saver_label": "Any 3 for \u00a34 View all", "promo_rewards": null, "product_href": "https://groceries.asda.com/product/tinned-soup/heinz-beef-broth-chunky-big-soup/1972553"}, {"title": "Weedol Rapid Weed Control 6 x 23ml", "product_code": "1000383217459", "was_price": "9.97", "price": "8.97", "price_per_uom": "1.50/", "volume": "6pk", "saver_label": null, "promo_rewards": null, "product_href": "https://groceries.asda.com/product/weed-killers-pest-control/weedol-rapid-weed-control-6-x-23-ml/1000383217459"}, {"title": "Kleenex Ultra Soft Tissues Twin Pack", "product_code": "1000071331557", "was_price": "4.00", "price": "3.25", "price_per_uom": "1.62/", "volume": "2pk", "saver_label": null, "promo_rewards": null, "product_href": "https://groceries.asda.com/product/box-cube-tissues/kleenex-ultra-soft-tissues-twin-pack/1000071331557"}, {"title": "Rose Clear 3 in 1 Action 800ml", "product_code": "1000383217424", "was_price": "5.97", "price": "4.97", "price_per_uom": "6.21/", "volume": "800ml", "saver_label": null, "promo_rewards": null, "product_href": "https://groceries.asda.com/product/weed-killers-pest-control/rose-clear-3-in-1-action-800-ml/1000383217424"}, {"title": "Duvel Tripel Hop Citra Belgian IPA", "product_code": "1000383163604", "was_price": null, "price": "2.75", "price_per_uom": "8.33/", "volume": "330ml", "saver_label": "4 for 3 View all", "promo_rewards": null, "product_href": "https://groceries.asda.com/product/ip-as/duvel-tripel-hop-citra-belgian-ipa/1000383163604"}, {"title": "McVitie's Cookies The Chunky One Choc Chip", "product_code": "1000371054807", "was_price": "1.25", "price": "1.00", "price_per_uom": "66.7/100", "volume": "150g", "saver_label": null, "promo_rewards": null, "product_href": "https://groceries.asda.com/product/cookies/mc-vities-cookies-the-chunky-one-choc-chip/1000371054807"}, {"title": "Max Factor Miracle Touch Foundation with Hyaluronic Acid 80 Bronze", "product_code": "1000217105177", "was_price": null, "price": "15.98", "price_per_uom": "13.90/10", "volume": "11.5gr", "saver_label": null, "promo_rewards": null, "product_href": "https://groceries.asda.com/product/foundation-bb-cc-cream/max-factor-miracle-touch-foundation-with-hyaluronic-acid-80-bronze/1000217105177"}, {"title": "Nivea Gentle Exfoliating Face Scrub", "product_code": "910000876196", "was_price": "5.00", "price": "3.35", "price_per_uom": "2.23/100", "volume": "150ml", "saver_label": null, "promo_rewards": null, "product_href": "https://groceries.asda.com/product/face-scrubs-exfoliators/nivea-gentle-exfoliating-face-scrub/910000876196"}, {"title": "Bom Bahia by ASDA Slow Cooked Beef Madras 400g", "product_code": "1000383193153", "was_price": null, "price": "5.00", "price_per_uom": "12.50/", "volume": "400g", "saver_label": null, "promo_rewards": null, "product_href": "https://groceries.asda.com/product/indian/bom-bahia-by-asda-slow-cooked-beef-madras-400-g/1000383193153"}, {"title": "The BAKERY at ASDA 4 White Soft Sliced Baguettes", "product_code": "910002319600", "was_price": "2.95", "price": "2.40", "price_per_uom": "70.6/100", "volume": "340g", "saver_label": null, "promo_rewards": null, "product_href": "https://groceries.asda.com/product/baguettes-part-baked-bread/the-bakery-at-asda-4-white-soft-sliced-baguettes/910002319600"}, {"title": "John West No Drain Fridge Pot Tuna Steak with a Little Brine 3 Pack", "product_code": "1000138208681", "was_price": "4.25", "price": "4.00", "price_per_uom": "1.21/100", "volume": "3x110g", "saver_label": null, "promo_rewards": null, "product_href": "https://groceries.asda.com/product/tuna/john-west-no-drain-fridge-pot-tuna-steak-with-a-little-brine-3-pack/1000138208681"}, {"title": "Gressingham Duck Breast Portions", "product_code": "910001825999", "was_price": null, "price": "4.90", "price_per_uom": "19.60/", "volume": "250g", "saver_label": "Any 2 for \u00a38 View all", "promo_rewards": null, "product_href": "https://groceries.asda.com/product/duck-game-venison/gressingham-duck-breast-portions/910001825999"}, {"title": "ASDA Egg & Bacon in Mayonnaise", "product_code": "1000001430967", "was_price": null, "price": "1.85", "price_per_uom": "74.0/100", "volume": "250g", "saver_label": "Any 2 for \u00a33 View all", "promo_rewards": null, "product_href": "https://groceries.asda.com/product/sandwich-fillers/asda-egg-bacon-in-mayonnaise/1000001430967"}, {"title": "Greene King Great British Ales Collection Beer Box 6 x 500ml", "product_code": "1000383225186", "was_price": null, "price": "10.00", "price_per_uom": "3.33/", "volume": "6x500", "saver_label": "Any 3 for \u00a322 View all", "promo_rewards": null, "product_href": "https://groceries.asda.com/product/ale/greene-king-great-british-ales-collection-beer-box-6-x-500-ml/1000383225186"}, {"title": "Goodfella's Cheesy Pizza Bites 200g", "product_code": "1000383217106", "was_price": null, "price": "2.50", "price_per_uom": "12.50/", "volume": "200g", "saver_label": "Any 2 for \u00a34 View all", "promo_rewards": null, "product_href": "https://groceries.asda.com/product/takeaway-snacks-sides/goodfellas-cheesy-pizza-bites-200-g/1000383217106"}, {"title": "Simply Cook Korean Fried Rice Recipe Kit 70g", "product_code": "1000383172201", "was_price": "2.50", "price": "1.50", "price_per_uom": "2.14/100", "volume": "70g", "saver_label": null, "promo_rewards": null, "product_href": "https://groceries.asda.com/product/far-eastern-meal-kits/simply-cook-korean-fried-rice-recipe-kit-70-g/1000383172201"}, {"title": "Harringtons Grain Free Chicken & Potato with Vegetables Adult Dog Food Tray", "product_code": "910002341117", "was_price": null, "price": "1.60", "price_per_uom": "4.00/", "volume": "400g", "saver_label": null, "promo_rewards": null, "product_href": "https://groceries.asda.com/product/dog-food-trays-pouches/harringtons-grain-free-chicken-potato-with-vegetables-adult-dog-food-tray/910002341117"}, {"title": "Waken Mouthwash with Fluoride Spearmint 500ml", "product_code": "1000383176681", "was_price": "5.00", "price": "2.50", "price_per_uom": "50.0/100", "volume": "500ml", "saver_label": null, "promo_rewards": null, "product_href": "https://groceries.asda.com/product/everyday-mouthwash/waken-mouthwash-with-fluoride-spearmint-500-ml/1000383176681"}, {"title": "Kylie Minogue Alcohol Free Sparkling Ros\u00e9 Wine", "product_code": "1000383174653", "was_price": "6.00", "price": "5.00", "price_per_uom": "5.00/753", "volume": "75cl", "saver_label": null, "promo_rewards": null, "product_href": "https://groceries.asda.com/product/no-low-alcohol-wine/kylie-minogue-alcohol-free-sparkling-rose-wine/1000383174653"}, {"title": "HRI Water Balance Tablets 60 pack", "product_code": "910001172980", "was_price": null, "price": "7.00", "price_per_uom": "11.7/", "volume": "60pk", "saver_label": "3 for 2 View all", "promo_rewards": null, "product_href": "https://groceries.asda.com/product/womens-vitamins/hri-water-balance-tablets-60-pack/910001172980"}, {"title": "Nescafe Dolce Gusto Nesquik", "product_code": "1000063918596", "was_price": null, "price": "4.50", "price_per_uom": "1.76/100", "volume": "16pk", "saver_label": "Any 3 for \u00a310 View all", "promo_rewards": null, "product_href": "https://groceries.asda.com/product/dolce-gusto-compatible-pods/nescafe-dolce-gusto-nesquik/1000063918596"}, {"title": "Lily O'Briens Desserts Collection 210g", "product_code": "1000380302556", "was_price": "7.00", "price": "6.00", "price_per_uom": "2.86/100", "volume": "210g", "saver_label": null, "promo_rewards": null, "product_href": "https://groceries.asda.com/product/boxes-of-chocolates/lily-o-briens-desserts-collection-210-g/1000380302556"}, {"title": "Rock Face Active Body Spray", "product_code": "1000374780834", "was_price": "3.50", "price": "2.50", "price_per_uom": "1.25/100", "volume": "200ml", "saver_label": null, "promo_rewards": null, "product_href": "https://groceries.asda.com/product/mens-body-spray/rock-face-active-body-spray/1000374780834"}, {"title": "Ben & Jerry's Strawberry Cheesecake Ice Cream", "product_code": "1000342872753", "was_price": "5.15", "price": "3.75", "price_per_uom": "80.7/100", "volume": "465ml", "saver_label": null, "promo_rewards": null, "product_href": "https://groceries.asda.com/product/family-sized-ice-cream-tubs/ben-jerrys-strawberry-cheesecake-ice-cream/1000342872753"}, {"title": "Cadbury Twirl Milk Chocolate Bars 4 Pack", "product_code": "910000271079", "was_price": "1.65", "price": "1.50", "price_per_uom": "1.10/100", "volume": "4x34g", "saver_label": null, "promo_rewards": null, "product_href": "https://groceries.asda.com/product/multipack-chocolate/cadbury-twirl-milk-chocolate-bars-4-pack/910000271079"}, {"title": "Lynx Fine Fragrance Collection Premium Deodorant Bodyspray Black Vanilla 150 ml", "product_code": "1000383210125", "was_price": "5.00", "price": "3.75", "price_per_uom": "2.50/100", "volume": "150ml", "saver_label": null, "promo_rewards": null, "product_href": "https://groceries.asda.com/product/mens-body-spray/lynx-fine-fragrance-collection-premium-deodorant-bodyspray-black-vanilla-150-ml/1000383210125"}, {"title": "ASDA Garlic and Herb Olives", "product_code": "1000125109591", "was_price": null, "price": "3.00", "price_per_uom": "2.00/100", "volume": "150g", "saver_label": "Any 3 for \u00a37 View all", "promo_rewards": null, "product_href": "https://groceries.asda.com/product/olives/asda-garlic-and-herb-olives/1000125109591"}, {"title": "ScentSationals Berry Sweet Pea Wax Cubes", "product_code": "1000383147774", "was_price": null, "price": "2.00", "price_per_uom": "2.00/", "volume": "each", "saver_label": "Any 3 for \u00a35 View all", "promo_rewards": null, "product_href": "https://groceries.asda.com/product/wax-cubes-and-burners/scent-sationals-berry-sweet-pea-wax-cubes/1000383147774"}, {"title": "The Real Milkshake Company White Chocolate 1 Litre", "product_code": "1000383133011", "was_price": "1.85", "price": "1.50", "price_per_uom": "15.0/100", "volume": "1l", "saver_label": null, "promo_rewards": null, "product_href": "https://groceries.asda.com/product/milk-drinks/the-real-milkshake-company-white-chocolate-1-litre/1000383133011"}, {"title": "Magnum Ice Cream Sticks Double Raspberry 3x 85 ml", "product_code": "1000383156890", "was_price": "4.00", "price": "2.50", "price_per_uom": "98.0/100", "volume": "3x85ml", "saver_label": null, "promo_rewards": null, "product_href": "https://groceries.asda.com/product/ice-cream-cones-sticks-bars/magnum-ice-cream-sticks-double-raspberry-3-x-85-ml/1000383156890"}, {"title": "The BAKERY at ASDA 5 Rainbow Cookies", "product_code": "1000333959270", "was_price": null, "price": "1.30", "price_per_uom": "26.0/", "volume": "5pk", "saver_label": "Any 2 for \u00a32 View all", "promo_rewards": null, "product_href": "https://groceries.asda.com/product/cookies-donuts-scones/the-bakery-at-asda-5-rainbow-cookies/1000333959270"}, {"title": "Febreze Bathroom, Continuous Air Freshener, Exotic Bloom Single", "product_code": "1000343820670", "was_price": null, "price": "2.50", "price_per_uom": "2.50/", "volume": "7.5ml", "saver_label": "Any 3 for \u00a36 View all", "promo_rewards": null, "product_href": "https://groceries.asda.com/product/gel-block-air-fresheners/febreze-bathroom-continuous-air-freshener-exotic-bloom-single/1000343820670"}, {"title": "Max Factor Cr\u00e8me Puff Powder Compact Natural", "product_code": "1000383117589", "was_price": null, "price": "9.98", "price_per_uom": "7.13/10", "volume": "14g", "saver_label": "Any 2 for \u00a314 View all", "promo_rewards": null, "product_href": "https://groceries.asda.com/product/powder/max-factor-creme-puff-powder-compact-natural/1000383117589"}, {"title": "Badger Master Stoat Coffee Stout", "product_code": "1000383165964", "was_price": null, "price": "2.25", "price_per_uom": "4.50/", "volume": "500ml", "saver_label": "4 for 3 View all", "promo_rewards": null, "product_href": "https://groceries.asda.com/product/stout/badger-master-stoat-coffee-stout/1000383165964"}, {"title": "Naked Big Eat Noodle Thai Style Fiery Chicken Panang", "product_code": "1000053215794", "was_price": null, "price": "1.30", "price_per_uom": "12.50/", "volume": "104g", "saver_label": null, "promo_rewards": null, "product_href": "https://groceries.asda.com/product/noodle-pots/naked-big-eat-noodle-thai-style-fiery-chicken-panang/1000053215794"}, {"title": "Duvel The Original Specialty Beer 330ml", "product_code": "1000383201320", "was_price": null, "price": "2.60", "price_per_uom": "7.88/", "volume": "330ml", "saver_label": "4 for 3 View all", "promo_rewards": null, "product_href": "https://groceries.asda.com/product/world-lager/duvel-the-original-specialty-beer-330-ml/1000383201320"}, {"title": "ASDA Extra Special Zinfandel", "product_code": "1000312047337", "was_price": "8.00", "price": "7.50", "price_per_uom": "7.50/753", "volume": "75cl", "saver_label": null, "promo_rewards": null, "product_href": "https://groceries.asda.com/product/all-other-grapes/asda-extra-special-zinfandel/1000312047337"}, {"title": "ASDA 50 Tie Handle Food & Freezer Bags Medium", "product_code": "1000275482884", "was_price": null, "price": "1.25", "price_per_uom": "2.5/", "volume": "50pk", "saver_label": null, "promo_rewards": null, "product_href": "https://groceries.asda.com/product/food-bags-tubs/asda-50-tie-handle-food-freezer-bags-medium/1000275482884"}, {"title": "ASDA Garden Gang 7 Brilliant Bananas", "product_code": "1000383217988", "was_price": "0.99", "price": "0.88", "price_per_uom": "12.6/", "volume": "7pk", "saver_label": null, "promo_rewards": null, "product_href": "https://groceries.asda.com/product/bananas/asda-garden-gang-7-brilliant-bananas/1000383217988"}, {"title": "ASDA Toilet Liquid Gel Cleaner Cool Aqua", "product_code": "910002576411", "was_price": null, "price": "0.70", "price_per_uom": "93.3/", "volume": "750ml", "saver_label": null, "promo_rewards": null, "product_href": "https://groceries.asda.com/product/toilet-cleaners-rimblocks-gels/asda-toilet-liquid-gel-cleaner-cool-aqua/910002576411"}, {"title": "Nivea Gentle Exfoliating Face Scrub", "product_code": "910000876196", "was_price": "5.00", "price": "3.35", "price_per_uom": "2.23/100", "volume": "150ml", "saver_label": null, "promo_rewards": null, "product_href": "https://groceries.asda.com/product/face-scrubs-exfoliators/nivea-gentle-exfoliating-face-scrub/910000876196"}, {"title": "Bom Bahia by ASDA Slow Cooked Beef Madras 400g", "product_code": "1000383193153", "was_price": null, "price": "5.00", "price_per_uom": "12.50/", "volume": "400g", "saver_label": null, "promo_rewards": null, "product_href": "https://groceries.asda.com/product/indian/bom-bahia-by-asda-slow-cooked-beef-madras-400-g/1000383193153"}, {"title": "Collection Hydrating Lipstick Intense Passion 29", "product_code": "1000324962609", "was_price": null, "price": "3.98", "price_per_uom": "9.95/10", "volume": "4g", "saver_label": null, "promo_rewards": null, "product_href": "https://groceries.asda.com/product/lipstick/collection-hydrating-lipstick-intense-passion-29/1000324962609"}, {"title": "Rimmel London Lasting Finish Matte Lipstick 530 Hollywood Red 2.3g", "product_code": "1000308025594", "was_price": null, "price": "6.95", "price_per_uom": "30.22/10", "volume": "2.3g", "saver_label": null, "promo_rewards": null, "product_href": "https://groceries.asda.com/product/lipstick/rimmel-london-lasting-finish-matte-lipstick-530-hollywood-red-2-3-g/1000308025594"}, {"title": "Gallo Family Vineyards White Zinfandel", "product_code": "1273024", "was_price": "6.00", "price": "5.50", "price_per_uom": "5.50/753", "volume": "75cl", "saver_label": null, "promo_rewards": null, "product_href": "https://groceries.asda.com/product/rose-wine/gallo-family-vineyards-white-zinfandel/1273024"}, {"title": "Sharwood's Sweet & Sour Cooking Sauce", "product_code": "1000002932811", "was_price": "1.75", "price": "1.50", "price_per_uom": "35.3/100", "volume": "425g", "saver_label": null, "promo_rewards": null, "product_href": "https://groceries.asda.com/product/far-eastern-cooking-sauces/sharwoods-sweet-sour-cooking-sauce/1000002932811"}, {"title": "ASDA Tender 6 Pork Loin Steaks", "product_code": "1000197472199", "was_price": null, "price": "4.50", "price_per_uom": "7.50/", "volume": "600g", "saver_label": "Any 2 for \u00a38 View all", "promo_rewards": null, "product_href": "https://groceries.asda.com/product/pork-chops-steaks/asda-tender-6-pork-loin-steaks/1000197472199"}, {"title": "Vi\u00f1a Albali Rosado Tempranillo 75cl", "product_code": "1000383199560", "was_price": null, "price": "5.50", "price_per_uom": "5.50/753", "volume": "75cl", "saver_label": null, "promo_rewards": null, "product_href": "https://groceries.asda.com/product/rose-wine/vina-albali-rosado-tempranillo-75-cl/1000383199560"}, {"title": "Wella Shockwaves Ultra Strong Hold Mousse", "product_code": "1000006245359", "was_price": "3.50", "price": "2.50", "price_per_uom": "1.25/100", "volume": "200ml", "saver_label": null, "promo_rewards": null, "product_href": "https://groceries.asda.com/product/hair-mousse-creams/wella-shockwaves-ultra-strong-hold-mousse/1000006245359"}, {"title": "Maybelline Superstay 24 Matte Ink Lipstick 15 Lover", "product_code": "1000001204494", "was_price": null, "price": "10.00", "price_per_uom": "3.85/10", "volume": "26g", "saver_label": null, "promo_rewards": null, "product_href": "https://groceries.asda.com/product/lipstick/maybelline-superstay-24-matte-ink-lipstick-15-lover/1000001204494"}, {"title": "Vicelo Pinot Grigio 75cl", "product_code": "1000383208970", "was_price": null, "price": "5.25", "price_per_uom": "5.25/753", "volume": "75cl", "saver_label": "Any 2 for \u00a310 View all", "promo_rewards": null, "product_href": "https://groceries.asda.com/product/pinot-grigio/vicelo-pinot-grigio-75-cl/1000383208970"}, {"title": "George Home Friend Birthday Card", "product_code": "1000383178352", "was_price": null, "price": "1.50", "price_per_uom": "1.50/", "volume": "each", "saver_label": "Any 3 for \u00a33 View all", "promo_rewards": null, "product_href": "https://groceries.asda.com/product/greeting-cards/george-home-friend-birthday-card/1000383178352"}, {"title": "Volvic Touch of Fruit Strawberry Natural Flavoured Water 750ml", "product_code": "1000383199127", "was_price": null, "price": "1.50", "price_per_uom": "20.0/100", "volume": "750ml", "saver_label": "3 for 2 View all", "promo_rewards": null, "product_href": "https://groceries.asda.com/product/flavoured-water/volvic-touch-of-fruit-strawberry-natural-flavoured-water-750-ml/1000383199127"}, {"title": "Max Factor Lasting Performance 106 Natural Beige", "product_code": "769169", "was_price": null, "price": "9.98", "price_per_uom": "2.85/10", "volume": "35ml", "saver_label": "Any 2 for \u00a314 View all", "promo_rewards": null, "product_href": "https://groceries.asda.com/product/foundation-bb-cc-cream/max-factor-lasting-performance-106-natural-beige/769169"}, {"title": "Paperback Mrs Sidhu's 'Dead and Scone' by Suk Pannu", "product_code": "1000383239757", "was_price": null, "price": "5.50", "price_per_uom": "5.50/", "volume": "each", "saver_label": "Any 2 for \u00a39 View all", "promo_rewards": null, "product_href": "https://groceries.asda.com/product/paperback-books/paperback-mrs-sidhus-dead-and-scone-by-suk-pannu/1000383239757"}, {"title": "Stellenbosch Original Series Cabernet Sauvignon Merlot", "product_code": "1000279996241", "was_price": null, "price": "8.50", "price_per_uom": "8.50/753", "volume": "75cl", "saver_label": null, "promo_rewards": null, "product_href": "https://groceries.asda.com/product/cabernet-sauvignon/stellenbosch-original-series-cabernet-sauvignon-merlot/1000279996241"}, {"title": "ASDA Thick Pork Sausages", "product_code": "1000369816567", "was_price": null, "price": "4.75", "price_per_uom": "3.74/", "volume": "1270g", "saver_label": "Any 3 for \u00a310 View all", "promo_rewards": null, "product_href": "https://groceries.asda.com/product/sausages-burgers/asda-thick-pork-sausages/1000369816567"}, {"title": "Desperados Tequila Lager Beer Cans", "product_code": "1000383165992", "was_price": null, "price": "12.00", "price_per_uom": "3.64/", "volume": "10x330", "saver_label": "Any 2 for \u00a320 View all", "promo_rewards": null, "product_href": "https://groceries.asda.com/product/canned-lagers/desperados-tequila-lager-beer-cans/1000383165992"}, {"title": "Maybelline Express Brow Duo 2-In-1 Pencil Pen + Filling Powder Dark Blonde", "product_code": "1000328867995", "was_price": null, "price": "8.00", "price_per_uom": "8.00/", "volume": "each", "saver_label": null, "promo_rewards": null, "product_href": "https://groceries.asda.com/product/eyebrow-pencils/maybelline-express-brow-duo-2-in-1-pencil-pen-filling-powder-dark-blonde/1000328867995"}, {"title": "KTC Chilli Beans in a Spicy Tomato Sauce", "product_code": "60764299", "was_price": null, "price": "0.65", "price_per_uom": "1.62/", "volume": "400g", "saver_label": "Any 2 for \u00a31 View all", "promo_rewards": null, "product_href": "https://groceries.asda.com/product/indian-asian-cooking-ingredients/ktc-chilli-beans-in-a-spicy-tomato-sauce/60764299"}, {"title": "Garnier Ultimate Blends Glowing Lengths Pineapple Hair Drink Lamellar Rinse Out Conditioner", "product_code": "1000383159293", "was_price": "10.00", "price": "5.00", "price_per_uom": "2.50/100", "volume": "200ml", "saver_label": null, "promo_rewards": null, "product_href": "https://groceries.asda.com/product/conditioner/garnier-ultimate-blends-glowing-lengths-pineapple-hair-drink-lamellar-rinse-out-conditioner/1000383159293"}, {"title": "Dr Oetker Milk Chocolate 100g", "product_code": "1000383194154", "was_price": "1.75", "price": "1.25", "price_per_uom": "1.25/100", "volume": "100g", "saver_label": null, "promo_rewards": null, "product_href": "https://groceries.asda.com/product/cooking-chocolate/dr-oetker-milk-chocolate-100-g/1000383194154"}, {"title": "McGuigan Classic Red Blend", "product_code": "1000383215258", "was_price": null, "price": "5.25", "price_per_uom": "5.25/753", "volume": "75cl", "saver_label": "Any 2 for \u00a310 View all", "promo_rewards": null, "product_href": "https://groceries.asda.com/product/shiraz/mc-guigan-classic-red-blend/1000383215258"}, {"title": "Greene King Abbot Ale", "product_code": "42870", "was_price": null, "price": "5.50", "price_per_uom": "2.75/", "volume": "4x500", "saver_label": "Any 2 for \u00a310 View all", "promo_rewards": null, "product_href": "https://groceries.asda.com/product/ale/greene-king-abbot-ale/42870"}, {"title": "Paperback The Dinner Party by Rebecca Heath", "product_code": "1000383236874", "was_price": null, "price": "5.00", "price_per_uom": "5.00/", "volume": "each", "saver_label": "Any 2 for \u00a39 View all", "promo_rewards": null, "product_href": "https://groceries.asda.com/product/paperback-books/paperback-the-dinner-party-by-rebecca-heath/1000383236874"}, {"title": "Sharwood's Chinese Medium Curry Cooking Sauce", "product_code": "910000023333", "was_price": "1.75", "price": "1.50", "price_per_uom": "35.3/100", "volume": "425g", "saver_label": null, "promo_rewards": null, "product_href": "https://groceries.asda.com/product/curry-cooking-sauces-pastes/sharwoods-chinese-medium-curry-cooking-sauce/910000023333"}, {"title": "Clairol Nice'n Easy No Ammonia Hair Dye, 84 Darkest Brown", "product_code": "1000257120558", "was_price": null, "price": "5.50", "price_per_uom": "5.50/", "volume": "each", "saver_label": "Any 2 for \u00a39 View all", "promo_rewards": null, "product_href": "https://groceries.asda.com/product/semi-permanent-hair-dye/clairol-nicen-easy-no-ammonia-hair-dye-84-darkest-brown/1000257120558"}, {"title": "Webbox Cat Treats Tasty Sticks with Beef & Liver 6 Pack", "product_code": "27652445", "was_price": null, "price": "1.20", "price_per_uom": "20.0/", "volume": "6pk", "saver_label": "Any 3 for \u00a33 View all", "promo_rewards": null, "product_href": "https://groceries.asda.com/product/cat-sticks-liquid-treats/webbox-cat-treats-tasty-sticks-with-beef-liver-6-pack/27652445"}, {"title": "Proper Chips Sea Salt Lentil Chips", "product_code": "1000383166887", "was_price": null, "price": "1.90", "price_per_uom": "2.71/100", "volume": "5x14g", "saver_label": "Any 2 for \u00a33.25 View all", "promo_rewards": null, "product_href": "https://groceries.asda.com/product/small-multipack-crisps-4-8-packs/proper-chips-sea-salt-lentil-chips/1000383166887"}, {"title": "Rimmel London Volume On Demand Waterproof Mascara Black 12ml", "product_code": "1000268010274", "was_price": null, "price": "9.95", "price_per_uom": "7.65/10", "volume": "13g", "saver_label": null, "promo_rewards": null, "product_href": "https://groceries.asda.com/product/mascara/rimmel-london-volume-on-demand-waterproof-mascara-black-12-ml/1000268010274"}, {"title": "Del Monte Mandarin Segments in Juice", "product_code": "910002579640", "was_price": "1.20", "price": "1.00", "price_per_uom": "5.71/", "volume": "300g", "saver_label": null, "promo_rewards": null, "product_href": "https://groceries.asda.com/product/tinned-fruit/del-monte-mandarin-segments-in-juice/910002579640"}, {"title": "Pepsi Max Caffeine Free 24 x 330ml", "product_code": "1000383156190", "was_price": null, "price": "10.50", "price_per_uom": "13.3/100", "volume": "24x330", "saver_label": "Any 3 for \u00a324 View all", "promo_rewards": null, "product_href": "https://groceries.asda.com/product/sugar-free-diet-cola/pepsi-max-caffeine-free-24-x-330-ml/1000383156190"}, {"title": "IRN-BRU Xtra Sugar Free Soft Drink", "product_code": "910002652775", "was_price": null, "price": "9.50", "price_per_uom": "12.0/100", "volume": "24x330", "saver_label": "Any 3 for \u00a324 View all", "promo_rewards": null, "product_href": "https://groceries.asda.com/product/sugar-free-diet-flavoured-fizzy-drinks/irn-bru-xtra-sugar-free-soft-drink/910002652775"}, {"title": "This Isn't Beef Mince 250g", "product_code": "1000383173469", "was_price": null, "price": "3.30", "price_per_uom": "13.20/", "volume": "250g", "saver_label": "Any 2 for \u00a35 View all", "promo_rewards": null, "product_href": "https://groceries.asda.com/product/vegan-burgers-mince/this-isnt-beef-mince-250-g/1000383173469"}, {"title": "Lynx Black Shower Gel", "product_code": "1000194987784", "was_price": "3.00", "price": "2.25", "price_per_uom": "45.0/100", "volume": "500ml", "saver_label": null, "promo_rewards": null, "product_href": "https://groceries.asda.com/product/shower-gel-body-wash/lynx-black-shower-gel/1000194987784"}, {"title": "Flash Duster Dust Magnet Trap & Lock Refills 5", "product_code": "1000339333856", "was_price": "5.00", "price": "3.00", "price_per_uom": "60.0/", "volume": "5pk", "saver_label": null, "promo_rewards": null, "product_href": "https://groceries.asda.com/product/carpet-floor-cleaners-mops/flash-duster-dust-magnet-trap-lock-refills-5/1000339333856"}, {"title": "Lindt LINDOR Milk & White Chocolate Truffles Box 200g", "product_code": "1000383213105", "was_price": "6.30", "price": "5.00", "price_per_uom": "2.50/100", "volume": "200g", "saver_label": null, "promo_rewards": null, "product_href": "https://groceries.asda.com/product/boxes-of-chocolates/lindt-lindor-milk-white-chocolate-truffles-box-200-g/1000383213105"}, {"title": "Cousin Birthday Card", "product_code": "1000234566991", "was_price": null, "price": "1.50", "price_per_uom": "1.50/", "volume": "each", "saver_label": "Any 3 for \u00a33 View all", "promo_rewards": null, "product_href": "https://groceries.asda.com/product/greeting-cards/cousin-birthday-card/1000234566991"}, {"title": "Max Factor Honey Lacquer Indulgent Coral", "product_code": "1000002365813", "was_price": null, "price": "9.98", "price_per_uom": "26.26/10", "volume": "3.8ml", "saver_label": null, "promo_rewards": null, "product_href": "https://groceries.asda.com/product/lipstick/max-factor-honey-lacquer-indulgent-coral/1000002365813"}, {"title": "George Home Simplicity Saucepan 20cm", "product_code": "1000383112614", "was_price": "15.00", "price": "10.00", "price_per_uom": "10.00/", "volume": "20cm", "saver_label": null, "promo_rewards": null, "product_href": "https://groceries.asda.com/product/saucepans-stockpots/george-home-simplicity-saucepan-20-cm/1000383112614"}, {"title": "Ben & Jerry's Caramel Brownie Party Ice Cream", "product_code": "1000320855416", "was_price": "5.15", "price": "3.75", "price_per_uom": "80.7/100", "volume": "465ml", "saver_label": null, "promo_rewards": null, "product_href": "https://groceries.asda.com/product/family-sized-ice-cream-tubs/ben-jerrys-caramel-brownie-party-ice-cream/1000320855416"}, {"title": "Squeaky Bean Char-Grilled Cajun Mini Fillets", "product_code": "1000280857005", "was_price": "2.85", "price": "2.00", "price_per_uom": "16.67/", "volume": "120g", "saver_label": null, "promo_rewards": null, "product_href": "https://groceries.asda.com/product/meat-alternatives/squeaky-bean-char-grilled-cajun-mini-fillets/1000280857005"}, {"title": "Veetee Mega Basmati Extra Long Premium Rice 5kg", "product_code": "1000383165232", "was_price": "12.00", "price": "11.00", "price_per_uom": "2.20/", "volume": "5kg", "saver_label": null, "promo_rewards": null, "product_href": "https://groceries.asda.com/product/indian-asian-rice/veetee-mega-basmati-extra-long-premium-rice-5-kg/1000383165232"}, {"title": "So...? Unique Truffle Cream White Chocolate & Coconut Flower Body Mist", "product_code": "1000311822965", "was_price": "5.00", "price": "3.50", "price_per_uom": "2.33/100", "volume": "150ml", "saver_label": null, "promo_rewards": null, "product_href": "https://groceries.asda.com/product/womens-body-spray-mists/so-unique-truffle-cream-white-chocolate-coconut-flower-body-mist/1000311822965"}, {"title": "Sheba Select Slices Cat Food Tray with Chicken in Gravy", "product_code": "910001827230", "was_price": null, "price": "0.85", "price_per_uom": "10.00/", "volume": "85g", "saver_label": "Any 5 for \u00a32.85 View all", "promo_rewards": null, "product_href": "https://groceries.asda.com/product/premium-wet-cat-food/sheba-select-slices-cat-food-tray-with-chicken-in-gravy/910001827230"}, {"title": "Febreze Bathroom, Continuous Air Freshener Citrus To Fight Mouldy Odour 1 Count", "product_code": "1000383178765", "was_price": null, "price": "2.50", "price_per_uom": "2.50/", "volume": "7.5ml", "saver_label": "Any 3 for \u00a36 View all", "promo_rewards": null, "product_href": "https://groceries.asda.com/product/gel-block-air-fresheners/febreze-bathroom-continuous-air-freshener-citrus-to-fight-mouldy-odour-1-count/1000383178765"}, {"title": "Monday Brunette Dry Shampoo", "product_code": "1000383162010", "was_price": "3.00", "price": "2.00", "price_per_uom": "1.00/100", "volume": "200ml", "saver_label": null, "promo_rewards": null, "product_href": "https://groceries.asda.com/product/dry-shampoo/monday-brunette-dry-shampoo/1000383162010"}, {"title": "Campo Viejo Rioja Garnacha Red Wine", "product_code": "910003000631", "was_price": "8.75", "price": "7.50", "price_per_uom": "7.50/753", "volume": "75cl", "saver_label": null, "promo_rewards": null, "product_href": "https://groceries.asda.com/product/rioja/campo-viejo-rioja-garnacha-red-wine/910003000631"}, {"title": "Mr Kipling Bramley Apple Pies", "product_code": "21010", "was_price": "2.75", "price": "1.50", "price_per_uom": "25.0/", "volume": "6pk", "saver_label": null, "promo_rewards": null, "product_href": "https://groceries.asda.com/product/tarts-pies-bakewells/mr-kipling-bramley-apple-pies/21010"}, {"title": "L'Oreal Paris Infallible Grip 36h Gel Automatic Eyeliner Semi Permanent Brown Denim", "product_code": "1000362424786", "was_price": null, "price": "7.95", "price_per_uom": "13.25/10", "volume": "6ml", "saver_label": "Any 2 for \u00a312 View all", "promo_rewards": null, "product_href": "https://groceries.asda.com/product/eyeliner/l-oreal-paris-infallible-grip-36-h-gel-automatic-eyeliner-semi-permanent-brown-denim/1000362424786"}, {"title": "ASDA Extra Special Sticky Toffee Cake", "product_code": "1000383112216", "was_price": "3.00", "price": "2.50", "price_per_uom": "2.50/", "volume": "each", "saver_label": null, "promo_rewards": null, "product_href": "https://groceries.asda.com/product/birthday-party-cakes/asda-extra-special-sticky-toffee-cake/1000383112216"}, {"title": "The Bakehouse Minis Dipped Chocolate Chip Cookies 150g", "product_code": "1000383181985", "was_price": "1.50", "price": "1.00", "price_per_uom": "66.7/100", "volume": "150g", "saver_label": null, "promo_rewards": null, "product_href": "https://groceries.asda.com/product/cookies/the-bakehouse-minis-dipped-chocolate-chip-cookies-150-g/1000383181985"}, {"title": "ASDA Extra Special 2 Cod Fishcakes with a Creamy Parsley Sauce", "product_code": "1000383108822", "was_price": null, "price": "3.00", "price_per_uom": "10.34/", "volume": "290g", "saver_label": "Any 2 for \u00a35 View all", "promo_rewards": null, "product_href": "https://groceries.asda.com/product/breaded-fish-fishcakes/asda-extra-special-2-cod-fishcakes-with-a-creamy-parsley-sauce/1000383108822"}, {"title": "Ultra Soft Facial Tissue (Style May Vary)", "product_code": "1000383173542", "was_price": null, "price": "1.35", "price_per_uom": "1.35/", "volume": "each", "saver_label": "Any 2 for \u00a32 View all", "promo_rewards": null, "product_href": "https://groceries.asda.com/product/box-cube-tissues/ultra-soft-facial-tissue-style-may-vary/1000383173542"}, {"title": "Heinz So Yummy Mango & Apricot Biscotti Baby Food Snacks 7+ Months 60g", "product_code": "910001706259", "was_price": null, "price": "1.00", "price_per_uom": "1.67/100", "volume": "60g", "saver_label": null, "promo_rewards": null, "product_href": "https://groceries.asda.com/product/baby-snacks-under-12-months/heinz-so-yummy-mango-apricot-biscotti-baby-food-snacks-7-months-60-g/910001706259"}, {"title": "Teisseire Zero Flavour Grenadine 600cl", "product_code": "1000383233355", "was_price": "3.90", "price": "2.80", "price_per_uom": "46.7/100", "volume": "600ml", "saver_label": null, "promo_rewards": null, "product_href": "https://groceries.asda.com/product/cordial/teisseire-zero-flavour-grenadine-600-cl/1000383233355"}, {"title": "Scoville Neverstick Saute Pan", "product_code": "1000002932874", "was_price": "23.00", "price": "12.00", "price_per_uom": "12.00/", "volume": "26cm", "saver_label": null, "promo_rewards": null, "product_href": "https://groceries.asda.com/product/frying-pans-woks/scoville-neverstick-saute-pan/1000002932874"}, {"title": "ASDA Tangy & Crunchy Rhubarb", "product_code": "442414", "was_price": "2.50", "price": "1.39", "price_per_uom": "3.48/", "volume": "400g", "saver_label": null, "promo_rewards": null, "product_href": "https://groceries.asda.com/product/pears-rhubarb/asda-tangy-crunchy-rhubarb/442414"}, {"title": "Gourmet Natures Creations Ocean Fish Cat Food Tin", "product_code": "1000207689271", "was_price": null, "price": "0.99", "price_per_uom": "11.65/", "volume": "85g", "saver_label": "Any 4 for \u00a32.65 View all", "promo_rewards": null, "product_href": "https://groceries.asda.com/product/premium-wet-cat-food/gourmet-natures-creations-ocean-fish-cat-food-tin/1000207689271"}, {"title": "ASDA Extra Special Sicilian Reserve Red", "product_code": "1000364884083", "was_price": "8.75", "price": "7.75", "price_per_uom": "7.75/753", "volume": "75cl", "saver_label": null, "promo_rewards": null, "product_href": "https://groceries.asda.com/product/extra-special-red-wine/asda-extra-special-sicilian-reserve-red/1000364884083"}, {"title": "Carex Antibacterial Moisture Plus Hand Wash (may come in refill pack)", "product_code": "45219505", "was_price": "1.50", "price": "1.00", "price_per_uom": "40.0/100", "volume": "250ml", "saver_label": null, "promo_rewards": null, "product_href": "https://groceries.asda.com/product/hand-wash/carex-antibacterial-moisture-plus-hand-wash-may-come-in-refill-pack/45219505"}, {"title": "ASDA Flavoursome 10 Smoked Back Bacon Rashers 300g", "product_code": "1000116564082", "was_price": null, "price": "2.25", "price_per_uom": "7.50/", "volume": "300g", "saver_label": "Any 2 for \u00a34 View all", "promo_rewards": null, "product_href": "https://groceries.asda.com/product/bacon/asda-flavoursome-10-smoked-back-bacon-rashers-300-g/1000116564082"}, {"title": "Alberto Balsam Sunkissed Raspberry Shampoo", "product_code": "910002264483", "was_price": null, "price": "1.10", "price_per_uom": "31.4/100", "volume": "350ml", "saver_label": null, "promo_rewards": null, "product_href": "https://groceries.asda.com/product/shampoo/alberto-balsam-sunkissed-raspberry-shampoo/910002264483"}, {"title": "Coors Lager Beer 10 Pack Cans", "product_code": "910000833907", "was_price": null, "price": "10.00", "price_per_uom": "2.27/", "volume": "10x440", "saver_label": "Any 3 for \u00a322 View all", "promo_rewards": null, "product_href": "https://groceries.asda.com/product/canned-lagers/coors-lager-beer-10-pack-cans/910000833907"}, {"title": "Asda Hero Sensitive Jelly Selection Meaty & Poultry Adult Dog 6 x 400g", "product_code": "1000383194707", "was_price": "5.50", "price": "4.00", "price_per_uom": "1.67/", "volume": "6x400g", "saver_label": null, "promo_rewards": null, "product_href": "https://groceries.asda.com/product/dog-food-tins/asda-hero-sensitive-jelly-selection-meaty-poultry-adult-dog-6-x-400-g/1000383194707"}, {"title": "Royal Dessert Gulabjam", "product_code": "910000474859", "was_price": "4.00", "price": "3.20", "price_per_uom": "64.0/100", "volume": "500g", "saver_label": null, "promo_rewards": null, "product_href": "https://groceries.asda.com/product/chocolate-caramel-desserts/royal-dessert-gulabjam/910000474859"}, {"title": "Garnier Nutrisse Ultra Cr\u00e8me Permanent Hair Dye Natural Golden Dark Blonde", "product_code": "1000383118172", "was_price": null, "price": "8.00", "price_per_uom": "8.00/", "volume": "each", "saver_label": "Any 2 for \u00a312 View all", "promo_rewards": null, "product_href": "https://groceries.asda.com/product/permanent-hair-dye/garnier-nutrisse-ultra-creme-permanent-hair-dye-natural-golden-dark-blonde/1000383118172"}, {"title": "Peperami BBQ Lunchbox Minis 10 x 10g (100g)", "product_code": "1000383205851", "was_price": "3.00", "price": "2.50", "price_per_uom": "2.50/100", "volume": "10x10g", "saver_label": null, "promo_rewards": null, "product_href": "https://groceries.asda.com/product/pork-chicken-beef-snacks/peperami-bbq-lunchbox-minis-10-x-10-g-100-g/1000383205851"}, {"title": "Fuller's London Pride Outstanding Premium Ale", "product_code": "24762", "was_price": null, "price": "2.30", "price_per_uom": "4.60/", "volume": "500ml", "saver_label": "4 for 3 View all", "promo_rewards": null, "product_href": "https://groceries.asda.com/product/ale/fullers-london-pride-outstanding-premium-ale/24762"}, {"title": "Ella's Kitchen Organic Jacket Potato, Beans and Cheese Baby Food Pouch 6+ Months", "product_code": "1000381564639", "was_price": null, "price": "1.40", "price_per_uom": "1.40/100", "volume": "100g", "saver_label": null, "promo_rewards": null, "product_href": "https://groceries.asda.com/product/ellas-kitchen-baby-food/ellas-kitchen-organic-jacket-potato-beans-and-cheese-baby-food-pouch-6-months/1000381564639"}, {"title": "Desperados Original Tequila Flavoured Beer Bottles", "product_code": "910000881865", "was_price": null, "price": "5.50", "price_per_uom": "5.56/", "volume": "3x330", "saver_label": "Any 2 for \u00a310 View all", "promo_rewards": null, "product_href": "https://groceries.asda.com/product/bottled-lagers/desperados-original-tequila-flavoured-beer-bottles/910000881865"}, {"title": "ASDA Extra Special 6 Pork Sausages", "product_code": "910001308704", "was_price": null, "price": "2.95", "price_per_uom": "7.38/", "volume": "400g", "saver_label": "Any 2 for \u00a35 View all", "promo_rewards": null, "product_href": "https://groceries.asda.com/product/sausages/asda-extra-special-6-pork-sausages/910001308704"}, {"title": "Oral-B Pro Cross Action Black Toothbrush Heads", "product_code": "1000383186021", "was_price": "19.50", "price": "13.00", "price_per_uom": "3.25/", "volume": "4pk", "saver_label": null, "promo_rewards": null, "product_href": "https://groceries.asda.com/product/electric-toothbrush-heads/oral-b-pro-cross-action-black-toothbrush-heads/1000383186021"}, {"title": "George Home Warning Sign Birthday Card", "product_code": "1000304470758", "was_price": null, "price": "1.50", "price_per_uom": "1.50/", "volume": "each", "saver_label": "Any 3 for \u00a33 View all", "promo_rewards": null, "product_href": "https://groceries.asda.com/product/greeting-cards/george-home-warning-sign-birthday-card/1000304470758"}, {"title": "Veet Men Intimate Hair Removal Kit", "product_code": "1000383162904", "was_price": "10.50", "price": "8.50", "price_per_uom": "5.67/100", "volume": "150ml", "saver_label": null, "promo_rewards": null, "product_href": "https://groceries.asda.com/product/mens-shaving-gel-foam-balm/veet-men-intimate-hair-removal-kit/1000383162904"}, {"title": "Old El Paso Mild Smoky BBQ Tortilla Pockets Fajita Kit", "product_code": "1000288781309", "was_price": "4.00", "price": "3.00", "price_per_uom": "7.89/", "volume": "380g", "saver_label": null, "promo_rewards": null, "product_href": "https://groceries.asda.com/product/meal-kits/old-el-paso-mild-smoky-bbq-tortilla-pockets-fajita-kit/1000288781309"}, {"title": "ASDA Extra Special Uco Valley Malbec", "product_code": "1000361202391", "was_price": null, "price": "12.00", "price_per_uom": "12.00/753", "volume": "75cl", "saver_label": null, "promo_rewards": null, "product_href": "https://groceries.asda.com/product/malbec/asda-extra-special-uco-valley-malbec/1000361202391"}, {"title": "ASDA Passata 500g", "product_code": "26083", "was_price": "0.60", "price": "0.57", "price_per_uom": "1.14/", "volume": "500g", "saver_label": null, "promo_rewards": null, "product_href": "https://groceries.asda.com/product/passata-tomato-puree/asda-passata-500-g/26083"}, {"title": "Innocent tropical juice", "product_code": "1000383167196", "was_price": "3.00", "price": "2.00", "price_per_uom": "22.2/100", "volume": "900ml", "saver_label": null, "promo_rewards": null, "product_href": "https://groceries.asda.com/product/tropical-juice/innocent-tropical-juice/1000383167196"}, {"title": "Finishing Touch Flawless Facial Hair Remover", "product_code": "1000199196768", "was_price": "20.00", "price": "15.00", "price_per_uom": "15.00/", "volume": "each", "saver_label": null, "promo_rewards": null, "product_href": "https://groceries.asda.com/product/womens-razors-blades/finishing-touch-flawless-facial-hair-remover/1000199196768"}, {"title": "Doritos Cool Sour Cream & Chives Dip", "product_code": "1000383111757", "was_price": "2.50", "price": "1.50", "price_per_uom": "53.6/100", "volume": "280g", "saver_label": null, "promo_rewards": null, "product_href": "https://groceries.asda.com/product/tortilla-chips-dips/doritos-cool-sour-cream-chives-dip/1000383111757"}, {"title": "ASDA Main For Two Chicken Madras 400g", "product_code": "910002599266", "was_price": "4.00", "price": "3.00", "price_per_uom": "7.50/", "volume": "400g", "saver_label": null, "promo_rewards": null, "product_href": "https://groceries.asda.com/product/indian-takeaway/asda-main-for-two-chicken-madras-400-g/910002599266"}, {"title": "L'Oreal Excellence Creme 5.3 Golden Brown Permanent Hair Dye", "product_code": "391796", "was_price": null, "price": "10.00", "price_per_uom": "10.00/", "volume": "each", "saver_label": "Any 2 for \u00a314 View all", "promo_rewards": null, "product_href": "https://groceries.asda.com/product/permanent-hair-dye/l-oreal-excellence-creme-5-3-golden-brown-permanent-hair-dye/391796"}, {"title": "Heinz Seriously Good Mayonnaise", "product_code": "910002446122", "was_price": "2.00", "price": "1.75", "price_per_uom": "81.4/100", "volume": "215g", "saver_label": null, "promo_rewards": null, "product_href": "https://groceries.asda.com/product/mayonnaise/heinz-seriously-good-mayonnaise/910002446122"}, {"title": "Heinz By Nature Winter Veggies & Lamb Baby Food Jar 7+ Months 200g", "product_code": "1000019306628", "was_price": null, "price": "1.20", "price_per_uom": "60.0/100", "volume": "200g", "saver_label": "Any 4 for \u00a34 View all", "promo_rewards": null, "product_href": "https://groceries.asda.com/product/jars-pots/heinz-by-nature-winter-veggies-lamb-baby-food-jar-7-months-200-g/1000019306628"}, {"title": "Garnier Vitamin C Daily UV, Invisible Brightening Fluid, SPF50, For All Skin Types, 40ml", "product_code": "1000383217810", "was_price": "13.00", "price": "8.65", "price_per_uom": "21.62/100", "volume": "40ml", "saver_label": null, "promo_rewards": null, "product_href": "https://groceries.asda.com/product/day-creams-moisturisers/garnier-vitamin-c-daily-uv-invisible-brightening-fluid-spf-50-for-all-skin-types-40-ml/1000383217810"}, {"title": "Peekaboo Lion by Ingela P Arrhenius", "product_code": "1000383184760", "was_price": null, "price": "4.00", "price_per_uom": "4.00/", "volume": "each", "saver_label": "Any 2 for \u00a37 View all", "promo_rewards": null, "product_href": "https://groceries.asda.com/product/kids-books/peekaboo-lion-by-ingela-p-arrhenius/1000383184760"}, {"title": "HP 304XL Colour Ink Cartridge", "product_code": "1000128213081", "was_price": null, "price": "36.50", "price_per_uom": "36.50/", "volume": "each", "saver_label": "Any 2 for \u00a336.50 View all", "promo_rewards": null, "product_href": "https://groceries.asda.com/product/ink-cartridges-printer-paper/hp-304-xl-colour-ink-cartridge/1000128213081"}, {"title": "L'Oreal Preference Infinia 9.1 Viking Light Ash Blonde Hair Dye", "product_code": "910002156391", "was_price": null, "price": "12.00", "price_per_uom": "12.00/", "volume": "each", "saver_label": "Any 2 for \u00a316 View all", "promo_rewards": null, "product_href": "https://groceries.asda.com/product/permanent-hair-dye/l-oreal-preference-infinia-9-1-viking-light-ash-blonde-hair-dye/910002156391"}, {"title": "Naked Big Eat Noodle Singapore Style Curry", "product_code": "1000053215832", "was_price": null, "price": "1.30", "price_per_uom": "12.50/", "volume": "104g", "saver_label": null, "promo_rewards": null, "product_href": "https://groceries.asda.com/product/noodle-pots/naked-big-eat-noodle-singapore-style-curry/1000053215832"}, {"title": "George Home Black 1.5L Digital Kettle GDK101B-22", "product_code": "1000383112418", "was_price": "30.00", "price": "27.00", "price_per_uom": "27.00/", "volume": "1.5l", "saver_label": null, "promo_rewards": null, "product_href": "https://groceries.asda.com/product/kettles-coffee-makers/george-home-black-1-5-l-digital-kettle-gdk-101-b-22/1000383112418"}, {"title": "Head & Shoulders Classic Clean Clarifying Anti Dandruff Shampoo For Itchy, Dry Scalp And Hair", "product_code": "1000383119378", "was_price": null, "price": "5.00", "price_per_uom": "1.25/100", "volume": "400ml", "saver_label": "Any 3 for \u00a310 View all", "promo_rewards": null, "product_href": "https://groceries.asda.com/product/shampoo/head-shoulders-classic-clean-clarifying-anti-dandruff-shampoo-for-itchy-dry-scalp-and-hair/1000383119378"}, {"title": "George Home Whistles", "product_code": "1000383202706", "was_price": null, "price": "1.50", "price_per_uom": "15.0/", "volume": "10pk", "saver_label": "Any 4 for \u00a35 View all", "promo_rewards": null, "product_href": "https://groceries.asda.com/product/bags-fillers-invites/george-home-whistles/1000383202706"}, {"title": "Colgate Total Peppermint Blast Mouthwash", "product_code": "910001398879", "was_price": "5.00", "price": "2.50", "price_per_uom": "50.0/100", "volume": "500ml", "saver_label": null, "promo_rewards": null, "product_href": "https://groceries.asda.com/product/everyday-mouthwash/colgate-total-peppermint-blast-mouthwash/910001398879"}, {"title": "The BAKERY at ASDA Raspberry Cheesecake", "product_code": "1000036011844", "was_price": "4.50", "price": "3.50", "price_per_uom": "70.0/100", "volume": "500g", "saver_label": null, "promo_rewards": null, "product_href": "https://groceries.asda.com/product/cheesecakes-trifles/the-bakery-at-asda-raspberry-cheesecake/1000036011844"}, {"title": "FUEL10K High Protein Salted Caramel Porridge Pot", "product_code": "1000383107765", "was_price": null, "price": "1.29", "price_per_uom": "1.84/100", "volume": "70g", "saver_label": "Any 5 for \u00a35 View all", "promo_rewards": null, "product_href": "https://groceries.asda.com/product/porridge-pots/fuel-10-k-high-protein-salted-caramel-porridge-pot/1000383107765"}, {"title": "Scoville Grey Fast Boil Kettle 1.7L", "product_code": "1000383184521", "was_price": "22.00", "price": "17.00", "price_per_uom": "17.00/", "volume": "1.7l", "saver_label": null, "promo_rewards": null, "product_href": "https://groceries.asda.com/product/kettles-coffee-makers/scoville-grey-fast-boil-kettle-1-7-l/1000383184521"}, {"title": "Paperback Left You Dead by Peter James", "product_code": "1000340511295", "was_price": null, "price": "5.00", "price_per_uom": "5.00/", "volume": "each", "saver_label": "Any 2 for \u00a39 View all", "promo_rewards": null, "product_href": "https://groceries.asda.com/product/paperback-books/paperback-left-you-dead-by-peter-james/1000340511295"}, {"title": "Organix Banana Soft Oaty Bars 12+ Months 6 x 23g (138g)", "product_code": "1000383190329", "was_price": "3.00", "price": "2.70", "price_per_uom": "1.96/100", "volume": "6x23g", "saver_label": null, "promo_rewards": null, "product_href": "https://groceries.asda.com/product/toddler-snacks-12-months/organix-banana-soft-oaty-bars-12-months-6-x-23-g-138-g/1000383190329"}, {"title": "Maryland Choc & Caramel 200g", "product_code": "1000383180101", "was_price": "1.35", "price": "0.90", "price_per_uom": "45.0/100", "volume": "200g", "saver_label": null, "promo_rewards": null, "product_href": "https://groceries.asda.com/product/cookies/maryland-choc-caramel-200-g/1000383180101"}, {"title": "Persil Wonder Wash Bio Liquid Laundry Odour Defy 837 ml (31 washes)", "product_code": "1000383224328", "was_price": "7.00", "price": "3.50", "price_per_uom": "4.18/", "volume": "837ml", "saver_label": null, "promo_rewards": null, "product_href": "https://groceries.asda.com/product/washing-liquid-gel/persil-wonder-wash-bio-liquid-laundry-odour-defy-837-ml-31-washes/1000383224328"}, {"title": "Scoville Neverstick Whisk", "product_code": "1000232566798", "was_price": "3.75", "price": "2.75", "price_per_uom": "2.75/", "volume": "each", "saver_label": null, "promo_rewards": null, "product_href": "https://groceries.asda.com/product/cooking-utensils-food-preparation/scoville-neverstick-whisk/1000232566798"}, {"title": "Paperback Rising Tide by Ann Cleeves", "product_code": "1000383174397", "was_price": null, "price": "5.00", "price_per_uom": "5.00/", "volume": "each", "saver_label": "Any 2 for \u00a39 View all", "promo_rewards": null, "product_href": "https://groceries.asda.com/product/paperback-books/paperback-rising-tide-by-ann-cleeves/1000383174397"}, {"title": "Grafix Head to Head", "product_code": "1000299187791", "was_price": null, "price": "7.00", "price_per_uom": "7.00/", "volume": "each", "saver_label": "Any 2 for \u00a310 View all", "promo_rewards": null, "product_href": "https://groceries.asda.com/product/board-games-puzzles/grafix-head-to-head/1000299187791"}, {"title": "Vocation Special Edition Aoraki DIPA 440ml", "product_code": "1000383218816", "was_price": null, "price": "3.75", "price_per_uom": "8.52/", "volume": "440ml", "saver_label": "4 for 3 View all", "promo_rewards": null, "product_href": "https://groceries.asda.com/product/ip-as/vocation-special-edition-aoraki-dipa-440-ml/1000383218816"}, {"title": "The Snail and the Whale by Julia Donaldson", "product_code": "1000378540245", "was_price": null, "price": "4.00", "price_per_uom": "4.00/", "volume": "each", "saver_label": "Any 2 for \u00a37 View all", "promo_rewards": null, "product_href": "https://groceries.asda.com/product/kids-books/the-snail-and-the-whale-by-julia-donaldson/1000378540245"}, {"title": "Ambrosia Low Fat Devon Custard", "product_code": "910000446465", "was_price": null, "price": "1.60", "price_per_uom": "40.0/100", "volume": "400g", "saver_label": "Any 2 for \u00a32.50 View all", "promo_rewards": null, "product_href": "https://groceries.asda.com/product/custard/ambrosia-low-fat-devon-custard/910000446465"}, {"title": "Boofle Daddy Birthday Card", "product_code": "1000349324240", "was_price": null, "price": "1.50", "price_per_uom": "1.50/", "volume": "each", "saver_label": "Any 3 for \u00a33 View all", "promo_rewards": null, "product_href": "https://groceries.asda.com/product/greeting-cards/boofle-daddy-birthday-card/1000349324240"}, {"title": "Revlon Pro Collection Salon Hair Dryer and Volumiser", "product_code": "1000150900010", "was_price": "58.00", "price": "35.00", "price_per_uom": "35.00/", "volume": "each", "saver_label": null, "promo_rewards": null, "product_href": "https://groceries.asda.com/product/hair-dryers/revlon-pro-collection-salon-hair-dryer-and-volumiser/1000150900010"}, {"title": "ASDA Roast Chicken Flavour Bites 180g", "product_code": "1000127514741", "was_price": null, "price": "2.15", "price_per_uom": "1.19/100", "volume": "180g", "saver_label": "Any 2 for \u00a33.50 View all", "promo_rewards": null, "product_href": "https://groceries.asda.com/product/party-food/asda-roast-chicken-flavour-bites-180-g/1000127514741"}, {"title": "ASDA Warming Matbucha Chicken Mini Fillets 350g", "product_code": "1000383220889", "was_price": null, "price": "4.40", "price_per_uom": "12.57/", "volume": "350g", "saver_label": "Any 2 for \u00a38 View all", "promo_rewards": null, "product_href": "https://groceries.asda.com/product/flavoured-chicken/asda-warming-matbucha-chicken-mini-fillets-350-g/1000383220889"}, {"title": "George Home Grey Simplicity 28cm Wok", "product_code": "1000229763095", "was_price": "13.00", "price": "8.00", "price_per_uom": "8.00/", "volume": "28cm", "saver_label": null, "promo_rewards": null, "product_href": "https://groceries.asda.com/product/frying-pans-woks/george-home-grey-simplicity-28-cm-wok/1000229763095"}, {"title": "St Austell Brewery Mena DHU Stout", "product_code": "1000380302416", "was_price": null, "price": "2.15", "price_per_uom": "4.30/", "volume": "500ml", "saver_label": "4 for 3 View all", "promo_rewards": null, "product_href": "https://groceries.asda.com/product/stout/st-austell-brewery-mena-dhu-stout/1000380302416"}, {"title": "Official CoComelon: Opposites by Cocomelon", "product_code": "1000383237741", "was_price": null, "price": "4.00", "price_per_uom": "4.00/", "volume": "each", "saver_label": "Any 2 for \u00a37 View all", "promo_rewards": null, "product_href": "https://groceries.asda.com/product/kids-books/official-co-comelon-opposites-by-cocomelon/1000383237741"}, {"title": "Feel Amazing Apple Cider Vinegar+ Apple Flavour One-A-Day 30 Gummies", "product_code": "1000383186820", "was_price": null, "price": "8.00", "price_per_uom": "26.7/", "volume": "30pk", "saver_label": "3 for 2 View all", "promo_rewards": null, "product_href": "https://groceries.asda.com/product/cold-immune-support-vitamins/feel-amazing-apple-cider-vinegar-apple-flavour-one-a-day-30-gummies/1000383186820"}, {"title": "ASDA West Coast IPA", "product_code": "1000383142278", "was_price": null, "price": "1.50", "price_per_uom": "4.55/", "volume": "330ml", "saver_label": "4 for 3 View all", "promo_rewards": null, "product_href": "https://groceries.asda.com/product/ip-as/asda-west-coast-ipa/1000383142278"}, {"title": "Lynx Scented Disc Car Freshener - Black", "product_code": "1000188121374", "was_price": "3.50", "price": "3.00", "price_per_uom": "3.00/", "volume": "each", "saver_label": null, "promo_rewards": null, "product_href": "https://groceries.asda.com/product/car-air-fresheners/lynx-scented-disc-car-freshener-black/1000188121374"}, {"title": "Malfy Con Arancia Sicilian Blood Orange Flavoured Gin", "product_code": "1000279566184", "was_price": "30.00", "price": "25.00", "price_per_uom": "35.71/", "volume": "70cl", "saver_label": null, "promo_rewards": null, "product_href": "https://groceries.asda.com/product/flavoured-pink-gin/malfy-con-arancia-sicilian-blood-orange-flavoured-gin/1000279566184"}, {"title": "Nip+Fab Purify Teen Skin Fix Spot Patches 30 Applications", "product_code": "1000383188250", "was_price": null, "price": "9.95", "price_per_uom": "9.95/", "volume": "each", "saver_label": "Any 2 for \u00a312 View all", "promo_rewards": null, "product_href": "https://groceries.asda.com/product/young-skin-care/nip-fab-purify-teen-skin-fix-spot-patches-30-applications/1000383188250"}, {"title": "Popchips Thai Sweet Chilli Sharing Crisps", "product_code": "1000203618279", "was_price": "2.25", "price": "1.50", "price_per_uom": "1.76/100", "volume": "85g", "saver_label": null, "promo_rewards": null, "product_href": "https://groceries.asda.com/product/sharing-baked-crisps-lighter-options/popchips-thai-sweet-chilli-sharing-crisps/1000203618279"}, {"title": "ASDA Extra Special 2 Cod Fishcakes with Roasted Tomato & Mozzarella", "product_code": "1000307802760", "was_price": null, "price": "3.00", "price_per_uom": "10.34/", "volume": "290g", "saver_label": "Any 2 for \u00a35 View all", "promo_rewards": null, "product_href": "https://groceries.asda.com/product/breaded-fish-fishcakes/asda-extra-special-2-cod-fishcakes-with-roasted-tomato-mozzarella/1000307802760"}, {"title": "RMS Twist And Turn", "product_code": "1000383212359", "was_price": null, "price": "7.00", "price_per_uom": "7.00/", "volume": "each", "saver_label": "Any 2 for \u00a310 View all", "promo_rewards": null, "product_href": "https://groceries.asda.com/product/board-games-puzzles/rms-twist-and-turn/1000383212359"}, {"title": "Jacob's Flatbread Salt & Pepper Crackers 150g", "product_code": "910000331114", "was_price": "2.00", "price": "1.25", "price_per_uom": "83.3/100", "volume": "150g", "saver_label": null, "promo_rewards": null, "product_href": "https://groceries.asda.com/product/crispbreads-thins/jacobs-flatbread-salt-pepper-crackers-150-g/910000331114"}, {"title": "Fairy Original Washing Up Liquid with LiftAction", "product_code": "1000383161081", "was_price": null, "price": "1.00", "price_per_uom": "3.12/", "volume": "320ml", "saver_label": null, "promo_rewards": null, "product_href": "https://groceries.asda.com/product/washing-up-liquid/fairy-original-washing-up-liquid-with-lift-action/1000383161081"}, {"title": "ASDA Sweet & Balanced Salad Tomatoes", "product_code": "393295", "was_price": null, "price": "1.75", "price_per_uom": "2.33/", "volume": "750g", "saver_label": null, "promo_rewards": null, "product_href": "https://groceries.asda.com/product/tomatoes-peppers/asda-sweet-balanced-salad-tomatoes/393295"}, {"title": "Radox Mineral Therapy Body Wash Feel Awake", "product_code": "1000383172437", "was_price": null, "price": "1.00", "price_per_uom": "44.4/100", "volume": "225ml", "saver_label": null, "promo_rewards": null, "product_href": "https://groceries.asda.com/product/shower-gel-body-wash/radox-mineral-therapy-body-wash-feel-awake/1000383172437"}, {"title": "Peppa Pig Tattle Tales by Phidal Publishing", "product_code": "1000240187262", "was_price": null, "price": "4.50", "price_per_uom": "4.50/", "volume": "each", "saver_label": "Any 2 for \u00a37 View all", "promo_rewards": null, "product_href": "https://groceries.asda.com/product/kids-books/peppa-pig-tattle-tales-by-phidal-publishing/1000240187262"}, {"title": "Allinson Strong White Bread Flour 1kg", "product_code": "1000383168200", "was_price": null, "price": "1.50", "price_per_uom": "1.50/", "volume": "1kg", "saver_label": null, "promo_rewards": null, "product_href": "https://groceries.asda.com/product/bread-flour/allinson-strong-white-bread-flour-1-kg/1000383168200"}, {"title": "Mr Muscle Max Gel Drain Unblocker", "product_code": "1000013651975", "was_price": null, "price": "4.50", "price_per_uom": "4.50/", "volume": "1l", "saver_label": "Any 2 for \u00a37 View all", "promo_rewards": null, "product_href": "https://groceries.asda.com/product/limescale-remover-drain-unblocker/mr-muscle-max-gel-drain-unblocker/1000013651975"}, {"title": "Bom Bahia by ASDA Tandoori Mixed Grill 380g", "product_code": "1000383193036", "was_price": null, "price": "5.00", "price_per_uom": "13.16/", "volume": "380g", "saver_label": null, "promo_rewards": null, "product_href": "https://groceries.asda.com/product/indian/bom-bahia-by-asda-tandoori-mixed-grill-380-g/1000383193036"}, {"title": "Twinings Lemon & Ginger 20 Tea Bags", "product_code": "20701", "was_price": "2.50", "price": "2.00", "price_per_uom": "6.67/100", "volume": "20pk", "saver_label": null, "promo_rewards": null, "product_href": "https://groceries.asda.com/product/fruit-herbal-tea/twinings-lemon-ginger-20-tea-bags/20701"}, {"title": "ASDA Spicy 6 Mexican Inspired Pork Loin Sizzle Steaks 600g", "product_code": "1000383214021", "was_price": null, "price": "4.50", "price_per_uom": "7.50/", "volume": "600g", "saver_label": "Any 2 for \u00a38 View all", "promo_rewards": null, "product_href": "https://groceries.asda.com/product/pork-chops-steaks/asda-spicy-6-mexican-inspired-pork-loin-sizzle-steaks-600-g/1000383214021"}, {"title": "Heinz Lentil & Bacon Soup", "product_code": "910001176863", "was_price": null, "price": "1.70", "price_per_uom": "42.5/100", "volume": "400g", "saver_label": "Any 4 for \u00a34 View all", "promo_rewards": null, "product_href": "https://groceries.asda.com/product/tinned-soup/heinz-lentil-bacon-soup/910001176863"}, {"title": "Maybelline Fit Me Matte & Poreless Powder128 Warm Nude", "product_code": "910003126272", "was_price": null, "price": "8.00", "price_per_uom": "1.43/10", "volume": "56g", "saver_label": "Any 2 for \u00a312 View all", "promo_rewards": null, "product_href": "https://groceries.asda.com/product/powder/maybelline-fit-me-matte-poreless-powder-128-warm-nude/910003126272"}, {"title": "Head & Shoulders Apple Fresh Anti-Dandruff Shampoo For Dry Hair And Scalp", "product_code": "1000383119238", "was_price": null, "price": "5.00", "price_per_uom": "1.25/100", "volume": "400ml", "saver_label": "Any 3 for \u00a310 View all", "promo_rewards": null, "product_href": "https://groceries.asda.com/product/shampoo/head-shoulders-apple-fresh-anti-dandruff-shampoo-for-dry-hair-and-scalp/1000383119238"}, {"title": "ASDA Omega 3, 6 & 9 Heart Health 60 Capsules", "product_code": "1000203425052", "was_price": null, "price": "4.50", "price_per_uom": "7.5/", "volume": "60pk", "saver_label": "3 for 2 View all", "promo_rewards": null, "product_href": "https://groceries.asda.com/product/omegas-heart-health-vitamins/asda-omega-3-6-9-heart-health-60-capsules/1000203425052"}, {"title": "Walkers Max Pizza Hut Pepperoni Feast Sharing Crisps 140g", "product_code": "1000383183034", "was_price": "2.25", "price": "1.50", "price_per_uom": "1.07/100", "volume": "140g", "saver_label": null, "promo_rewards": null, "product_href": "https://groceries.asda.com/product/sharing-crisps/walkers-max-pizza-hut-pepperoni-feast-sharing-crisps-140-g/1000383183034"}, {"title": "Max Factor Miracle Pure Nail Polish Sweet Plum", "product_code": "1000383115263", "was_price": null, "price": "7.98", "price_per_uom": "6.65/10", "volume": "12ml", "saver_label": "Any 2 for \u00a312 View all", "promo_rewards": null, "product_href": "https://groceries.asda.com/product/nail-polish/max-factor-miracle-pure-nail-polish-sweet-plum/1000383115263"}, {"title": "Maybelline Lifter Gloss Plumping Hydrating Lip Gloss Hyaluronic Acid 004 Silk", "product_code": "1000291371072", "was_price": null, "price": "9.00", "price_per_uom": "16.67/10", "volume": "5.4ml", "saver_label": "Any 2 for \u00a312 View all", "promo_rewards": null, "product_href": "https://groceries.asda.com/product/lip-gloss/maybelline-lifter-gloss-plumping-hydrating-lip-gloss-hyaluronic-acid-004-silk/1000291371072"}, {"title": "Max Factor Miracle Pure Nail Polish Coconut Milk", "product_code": "1000383115343", "was_price": null, "price": "7.98", "price_per_uom": "6.65/10", "volume": "12ml", "saver_label": "Any 2 for \u00a312 View all", "promo_rewards": null, "product_href": "https://groceries.asda.com/product/nail-polish/max-factor-miracle-pure-nail-polish-coconut-milk/1000383115343"}, {"title": "Motusol 2.32% w/w Gel Max", "product_code": "1000383141811", "was_price": "9.00", "price": "5.99", "price_per_uom": "119.80/", "volume": "50g", "saver_label": null, "promo_rewards": null, "product_href": "https://groceries.asda.com/product/view-all-pain-relief/motusol-2-32-w-w-gel-max/1000383141811"}, {"title": "Butcher's Grain Free Succulent Recipes 12 x 150g", "product_code": "1000383208375", "was_price": null, "price": "7.25", "price_per_uom": "4.03/", "volume": "12x150", "saver_label": null, "promo_rewards": null, "product_href": "https://groceries.asda.com/product/dog-food-trays-pouches/butchers-grain-free-succulent-recipes-12-x-150-g/1000383208375"}, {"title": "George Home Bon Bon Jar", "product_code": "1000383202181", "was_price": "3.00", "price": "2.50", "price_per_uom": "2.50/", "volume": "2.15l", "saver_label": null, "promo_rewards": null, "product_href": "https://groceries.asda.com/product/storage-containers/george-home-bon-bon-jar/1000383202181"}, {"title": "Max Factor Lasting Performance 109 Natural Bronze", "product_code": "769170", "was_price": null, "price": "9.98", "price_per_uom": "2.85/10", "volume": "35ml", "saver_label": "Any 2 for \u00a314 View all", "promo_rewards": null, "product_href": "https://groceries.asda.com/product/foundation-bb-cc-cream/max-factor-lasting-performance-109-natural-bronze/769170"}, {"title": "This Isn't Beef Mince 250g", "product_code": "1000383173469", "was_price": null, "price": "3.30", "price_per_uom": "13.20/", "volume": "250g", "saver_label": "Any 2 for \u00a35 View all", "promo_rewards": null, "product_href": "https://groceries.asda.com/product/vegan-burgers-mince/this-isnt-beef-mince-250-g/1000383173469"}, {"title": "Lynx Black Shower Gel", "product_code": "1000194987784", "was_price": "3.00", "price": "2.25", "price_per_uom": "45.0/100", "volume": "500ml", "saver_label": null, "promo_rewards": null, "product_href": "https://groceries.asda.com/product/shower-gel-body-wash/lynx-black-shower-gel/1000194987784"}, {"title": "Flash Duster Dust Magnet Trap & Lock Refills 5", "product_code": "1000339333856", "was_price": "5.00", "price": "3.00", "price_per_uom": "60.0/", "volume": "5pk", "saver_label": null, "promo_rewards": null, "product_href": "https://groceries.asda.com/product/carpet-floor-cleaners-mops/flash-duster-dust-magnet-trap-lock-refills-5/1000339333856"}, {"title": "Lindt LINDOR Milk & White Chocolate Truffles Box 200g", "product_code": "1000383213105", "was_price": "6.30", "price": "5.00", "price_per_uom": "2.50/100", "volume": "200g", "saver_label": null, "promo_rewards": null, "product_href": "https://groceries.asda.com/product/boxes-of-chocolates/lindt-lindor-milk-white-chocolate-truffles-box-200-g/1000383213105"}, {"title": "Cousin Birthday Card", "product_code": "1000234566991", "was_price": null, "price": "1.50", "price_per_uom": "1.50/", "volume": "each", "saver_label": "Any 3 for \u00a33 View all", "promo_rewards": null, "product_href": "https://groceries.asda.com/product/greeting-cards/cousin-birthday-card/1000234566991"}, {"title": "Max Factor Honey Lacquer Indulgent Coral", "product_code": "1000002365813", "was_price": null, "price": "9.98", "price_per_uom": "26.26/10", "volume": "3.8ml", "saver_label": null, "promo_rewards": null, "product_href": "https://groceries.asda.com/product/lipstick/max-factor-honey-lacquer-indulgent-coral/1000002365813"}, {"title": "George Home Simplicity Saucepan 20cm", "product_code": "1000383112614", "was_price": "15.00", "price": "10.00", "price_per_uom": "10.00/", "volume": "20cm", "saver_label": null, "promo_rewards": null, "product_href": "https://groceries.asda.com/product/saucepans-stockpots/george-home-simplicity-saucepan-20-cm/1000383112614"}, {"title": "Paperback Rising Tide by Ann Cleeves", "product_code": "1000383174397", "was_price": null, "price": "5.00", "price_per_uom": "5.00/", "volume": "each", "saver_label": "Any 2 for \u00a39 View all", "promo_rewards": null, "product_href": "https://groceries.asda.com/product/paperback-books/paperback-rising-tide-by-ann-cleeves/1000383174397"}, {"title": "Ben & Jerry's Caramel Brownie Party Ice Cream", "product_code": "1000320855416", "was_price": "5.15", "price": "3.75", "price_per_uom": "80.7/100", "volume": "465ml", "saver_label": null, "promo_rewards": null, "product_href": "https://groceries.asda.com/product/family-sized-ice-cream-tubs/ben-jerrys-caramel-brownie-party-ice-cream/1000320855416"}, {"title": "ASDA Honey & Mustard Gammon Joint", "product_code": "1000383110446", "was_price": null, "price": "4.40", "price_per_uom": "9.78/", "volume": "450g", "saver_label": "Any 2 for \u00a38 View all", "promo_rewards": null, "product_href": "https://groceries.asda.com/product/simple-to-cook/asda-honey-mustard-gammon-joint/1000383110446"}, {"title": "L'Oreal Paris Age Perfect, Golden Age Night Cream", "product_code": "910002965721", "was_price": "20.00", "price": "10.00", "price_per_uom": "20.00/100", "volume": "50ml", "saver_label": null, "promo_rewards": null, "product_href": "https://groceries.asda.com/product/anti-ageing-face-cream-moisturiser/l-oreal-paris-age-perfect-golden-age-night-cream/910002965721"}, {"title": "Beavertown Sun God Tropical IPA 440ml", "product_code": "1000383210534", "was_price": null, "price": "4.00", "price_per_uom": "9.09/", "volume": "440ml", "saver_label": "4 for 3 View all", "promo_rewards": null, "product_href": "https://groceries.asda.com/product/ip-as/beavertown-sun-god-tropical-ipa-440-ml/1000383210534"}, {"title": "Heinz Minestrone Soup", "product_code": "1972990", "was_price": null, "price": "1.70", "price_per_uom": "42.5/100", "volume": "400g", "saver_label": "Any 4 for \u00a34 View all", "promo_rewards": null, "product_href": "https://groceries.asda.com/product/tinned-soup/heinz-minestrone-soup/1972990"}, {"title": "Rimmel London Kind & Free Nail Polish Fresh Undone 8ml", "product_code": "1000383191057", "was_price": null, "price": "5.95", "price_per_uom": "7.44/10", "volume": "8ml", "saver_label": null, "promo_rewards": null, "product_href": "https://groceries.asda.com/product/nail-polish/rimmel-london-kind-free-nail-polish-fresh-undone-8-ml/1000383191057"}, {"title": "Veetee Mega Basmati Extra Long Premium Rice 5kg", "product_code": "1000383165232", "was_price": "12.00", "price": "11.00", "price_per_uom": "2.20/", "volume": "5kg", "saver_label": null, "promo_rewards": null, "product_href": "https://groceries.asda.com/product/indian-asian-rice/veetee-mega-basmati-extra-long-premium-rice-5-kg/1000383165232"}, {"title": "Grafix Head to Head", "product_code": "1000299187791", "was_price": null, "price": "7.00", "price_per_uom": "7.00/", "volume": "each", "saver_label": "Any 2 for \u00a310 View all", "promo_rewards": null, "product_href": "https://groceries.asda.com/product/board-games-puzzles/grafix-head-to-head/1000299187791"}, {"title": "Vocation Special Edition Aoraki DIPA 440ml", "product_code": "1000383218816", "was_price": null, "price": "3.75", "price_per_uom": "8.52/", "volume": "440ml", "saver_label": "4 for 3 View all", "promo_rewards": null, "product_href": "https://groceries.asda.com/product/ip-as/vocation-special-edition-aoraki-dipa-440-ml/1000383218816"}, {"title": "The Snail and the Whale by Julia Donaldson", "product_code": "1000378540245", "was_price": null, "price": "4.00", "price_per_uom": "4.00/", "volume": "each", "saver_label": "Any 2 for \u00a37 View all", "promo_rewards": null, "product_href": "https://groceries.asda.com/product/kids-books/the-snail-and-the-whale-by-julia-donaldson/1000378540245"}, {"title": "Ambrosia Low Fat Devon Custard", "product_code": "910000446465", "was_price": null, "price": "1.60", "price_per_uom": "40.0/100", "volume": "400g", "saver_label": "Any 2 for \u00a32.50 View all", "promo_rewards": null, "product_href": "https://groceries.asda.com/product/custard/ambrosia-low-fat-devon-custard/910000446465"}, {"title": "Boofle Daddy Birthday Card", "product_code": "1000349324240", "was_price": null, "price": "1.50", "price_per_uom": "1.50/", "volume": "each", "saver_label": "Any 3 for \u00a33 View all", "promo_rewards": null, "product_href": "https://groceries.asda.com/product/greeting-cards/boofle-daddy-birthday-card/1000349324240"}, {"title": "So...? Unique Truffle Cream White Chocolate & Coconut Flower Body Mist", "product_code": "1000311822965", "was_price": "5.00", "price": "3.50", "price_per_uom": "2.33/100", "volume": "150ml", "saver_label": null, "promo_rewards": null, "product_href": "https://groceries.asda.com/product/womens-body-spray-mists/so-unique-truffle-cream-white-chocolate-coconut-flower-body-mist/1000311822965"}, {"title": "Royal Dessert Gulabjam", "product_code": "910000474859", "was_price": "4.00", "price": "3.20", "price_per_uom": "64.0/100", "volume": "500g", "saver_label": null, "promo_rewards": null, "product_href": "https://groceries.asda.com/product/chocolate-caramel-desserts/royal-dessert-gulabjam/910000474859"}, {"title": "Heinz By Nature Winter Veggies & Lamb Baby Food Jar 7+ Months 200g", "product_code": "1000019306628", "was_price": null, "price": "1.20", "price_per_uom": "60.0/100", "volume": "200g", "saver_label": "Any 4 for \u00a34 View all", "promo_rewards": null, "product_href": "https://groceries.asda.com/product/jars-pots/heinz-by-nature-winter-veggies-lamb-baby-food-jar-7-months-200-g/1000019306628"}, {"title": "Garnier Vitamin C Daily UV, Invisible Brightening Fluid, SPF50, For All Skin Types, 40ml", "product_code": "1000383217810", "was_price": "13.00", "price": "8.65", "price_per_uom": "21.62/100", "volume": "40ml", "saver_label": null, "promo_rewards": null, "product_href": "https://groceries.asda.com/product/day-creams-moisturisers/garnier-vitamin-c-daily-uv-invisible-brightening-fluid-spf-50-for-all-skin-types-40-ml/1000383217810"}, {"title": "ASDA Frozen For Freshness Fruit Salad 500g", "product_code": "1000260439570", "was_price": null, "price": "2.25", "price_per_uom": "45.0/100", "volume": "500g", "saver_label": "Any 2 for \u00a34 View all", "promo_rewards": null, "product_href": "https://groceries.asda.com/product/fresh-fruit-pots-snack-packs/asda-frozen-for-freshness-fruit-salad-500-g/1000260439570"}, {"title": "George Home Whistles", "product_code": "1000383202706", "was_price": null, "price": "1.50", "price_per_uom": "15.0/", "volume": "10pk", "saver_label": "Any 4 for \u00a35 View all", "promo_rewards": null, "product_href": "https://groceries.asda.com/product/bags-fillers-invites/george-home-whistles/1000383202706"}, {"title": "Colgate Total Peppermint Blast Mouthwash", "product_code": "910001398879", "was_price": "5.00", "price": "2.50", "price_per_uom": "50.0/100", "volume": "500ml", "saver_label": null, "promo_rewards": null, "product_href": "https://groceries.asda.com/product/everyday-mouthwash/colgate-total-peppermint-blast-mouthwash/910001398879"}, {"title": "Persil Wonder Wash Bio Liquid Laundry Odour Defy 837 ml (31 washes)", "product_code": "1000383224328", "was_price": "7.00", "price": "3.50", "price_per_uom": "4.18/", "volume": "837ml", "saver_label": null, "promo_rewards": null, "product_href": "https://groceries.asda.com/product/washing-liquid-gel/persil-wonder-wash-bio-liquid-laundry-odour-defy-837-ml-31-washes/1000383224328"}, {"title": "The Bakehouse Minis Dipped Chocolate Chip Cookies 150g", "product_code": "1000383181985", "was_price": "1.50", "price": "1.00", "price_per_uom": "66.7/100", "volume": "150g", "saver_label": null, "promo_rewards": null, "product_href": "https://groceries.asda.com/product/cookies/the-bakehouse-minis-dipped-chocolate-chip-cookies-150-g/1000383181985"}, {"title": "Ultra Soft Facial Tissue (Style May Vary)", "product_code": "1000383173542", "was_price": null, "price": "1.35", "price_per_uom": "1.35/", "volume": "each", "saver_label": "Any 2 for \u00a32 View all", "promo_rewards": null, "product_href": "https://groceries.asda.com/product/box-cube-tissues/ultra-soft-facial-tissue-style-may-vary/1000383173542"}, {"title": "Pokemon Pikachu Celebration Cake", "product_code": "1000002091597", "was_price": "14.00", "price": "12.00", "price_per_uom": "12.00/", "volume": "each", "saver_label": null, "promo_rewards": null, "product_href": "https://groceries.asda.com/product/birthday-party-cakes/pokemon-pikachu-celebration-cake/1000002091597"}, {"title": "ASDA Main For Two Chicken Madras 400g", "product_code": "910002599266", "was_price": "4.00", "price": "3.00", "price_per_uom": "7.50/", "volume": "400g", "saver_label": null, "promo_rewards": null, "product_href": "https://groceries.asda.com/product/indian-takeaway/asda-main-for-two-chicken-madras-400-g/910002599266"}, {"title": "HP 304XL Colour Ink Cartridge", "product_code": "1000128213081", "was_price": null, "price": "36.50", "price_per_uom": "36.50/", "volume": "each", "saver_label": "Any 2 for \u00a336.50 View all", "promo_rewards": null, "product_href": "https://groceries.asda.com/product/ink-cartridges-printer-paper/hp-304-xl-colour-ink-cartridge/1000128213081"}, {"title": "L'Oreal Preference Infinia 9.1 Viking Light Ash Blonde Hair Dye", "product_code": "910002156391", "was_price": null, "price": "12.00", "price_per_uom": "12.00/", "volume": "each", "saver_label": "Any 2 for \u00a316 View all", "promo_rewards": null, "product_href": "https://groceries.asda.com/product/permanent-hair-dye/l-oreal-preference-infinia-9-1-viking-light-ash-blonde-hair-dye/910002156391"}, {"title": "Heinz by Nature Apple 6+ Months 100g", "product_code": "1000383191560", "was_price": "1.15", "price": "0.60", "price_per_uom": "60.0/100", "volume": "100g", "saver_label": null, "promo_rewards": null, "product_href": "https://groceries.asda.com/product/pouches/heinz-by-nature-apple-6-months-100-g/1000383191560"}, {"title": "Maybelline Superstay 24HR Lipstick Plum Seduction", "product_code": "910000398413", "was_price": null, "price": "11.00", "price_per_uom": "5.61/10", "volume": "19.6g", "saver_label": "Any 2 for \u00a314 View all", "promo_rewards": null, "product_href": "https://groceries.asda.com/product/lip-gloss/maybelline-superstay-24-hr-lipstick-plum-seduction/910000398413"}, {"title": "Jacob's Flatbread Salt & Pepper Crackers 150g", "product_code": "910000331114", "was_price": "2.00", "price": "1.25", "price_per_uom": "83.3/100", "volume": "150g", "saver_label": null, "promo_rewards": null, "product_href": "https://groceries.asda.com/product/crispbreads-thins/jacobs-flatbread-salt-pepper-crackers-150-g/910000331114"}, {"title": "The BAKERY at ASDA Raspberry Cheesecake", "product_code": "1000036011844", "was_price": "4.50", "price": "3.50", "price_per_uom": "70.0/100", "volume": "500g", "saver_label": null, "promo_rewards": null, "product_href": "https://groceries.asda.com/product/cheesecakes-trifles/the-bakery-at-asda-raspberry-cheesecake/1000036011844"}, {"title": "FUEL10K High Protein Salted Caramel Porridge Pot", "product_code": "1000383107765", "was_price": null, "price": "1.29", "price_per_uom": "1.84/100", "volume": "70g", "saver_label": "Any 5 for \u00a35 View all", "promo_rewards": null, "product_href": "https://groceries.asda.com/product/porridge-pots/fuel-10-k-high-protein-salted-caramel-porridge-pot/1000383107765"}, {"title": "Scoville Grey Fast Boil Kettle 1.7L", "product_code": "1000383184521", "was_price": "22.00", "price": "17.00", "price_per_uom": "17.00/", "volume": "1.7l", "saver_label": null, "promo_rewards": null, "product_href": "https://groceries.asda.com/product/kettles-coffee-makers/scoville-grey-fast-boil-kettle-1-7-l/1000383184521"}, {"title": "Paperback Left You Dead by Peter James", "product_code": "1000340511295", "was_price": null, "price": "5.00", "price_per_uom": "5.00/", "volume": "each", "saver_label": "Any 2 for \u00a39 View all", "promo_rewards": null, "product_href": "https://groceries.asda.com/product/paperback-books/paperback-left-you-dead-by-peter-james/1000340511295"}, {"title": "Organix Banana Soft Oaty Bars 12+ Months 6 x 23g (138g)", "product_code": "1000383190329", "was_price": "3.00", "price": "2.70", "price_per_uom": "1.96/100", "volume": "6x23g", "saver_label": null, "promo_rewards": null, "product_href": "https://groceries.asda.com/product/toddler-snacks-12-months/organix-banana-soft-oaty-bars-12-months-6-x-23-g-138-g/1000383190329"}, {"title": "ASDA Anti Bacterial Washing Up Liquid", "product_code": "1000131471932", "was_price": null, "price": "0.79", "price_per_uom": "1.58/", "volume": "500ml", "saver_label": null, "promo_rewards": null, "product_href": "https://groceries.asda.com/product/washing-up-liquid/asda-anti-bacterial-washing-up-liquid/1000131471932"}, {"title": "ASDA British Milk Semi Skimmed 6 Pints", "product_code": "20506", "was_price": null, "price": "2.15", "price_per_uom": "63.0/", "volume": "6 pint", "saver_label": null, "promo_rewards": null, "product_href": "https://groceries.asda.com/product/semi-skimmed-milk/asda-british-milk-semi-skimmed-6-pints/20506"}, {"title": "Carex Antibacterial Moisture Plus Hand Wash (may come in refill pack)", "product_code": "45219505", "was_price": "1.50", "price": "1.00", "price_per_uom": "40.0/100", "volume": "250ml", "saver_label": null, "promo_rewards": null, "product_href": "https://groceries.asda.com/product/hand-wash/carex-antibacterial-moisture-plus-hand-wash-may-come-in-refill-pack/45219505"}, {"title": "Peperami Pizza Buns Hot 4 x 40g (160g)", "product_code": "1000383158425", "was_price": "2.75", "price": "2.50", "price_per_uom": "1.56/100", "volume": "4x40g", "saver_label": null, "promo_rewards": null, "product_href": "https://groceries.asda.com/product/pork-chicken-beef-snacks/peperami-pizza-buns-hot-4-x-40-g-160-g/1000383158425"}, {"title": "Pepsi Max Lime No Sugar Cola Cans", "product_code": "1000311374659", "was_price": "4.00", "price": "3.75", "price_per_uom": "14.2/100", "volume": "8x330", "saver_label": null, "promo_rewards": null, "product_href": "https://groceries.asda.com/product/sugar-free-diet-cola/pepsi-max-lime-no-sugar-cola-cans/1000311374659"}, {"title": "Nivea Body Lotion For Dry Skin Irresistibly Smooth", "product_code": "910000023572", "was_price": "4.60", "price": "2.65", "price_per_uom": "1.06/100", "volume": "250ml", "saver_label": null, "promo_rewards": null, "product_href": "https://groceries.asda.com/product/body-lotion-cream/nivea-body-lotion-for-dry-skin-irresistibly-smooth/910000023572"}, {"title": "Villa Maria Sauvignon Blanc Marlborough", "product_code": "539723", "was_price": "10.50", "price": "8.50", "price_per_uom": "8.50/753", "volume": "75cl", "saver_label": null, "promo_rewards": null, "product_href": "https://groceries.asda.com/product/all-wine/villa-maria-sauvignon-blanc-marlborough/539723"}, {"title": "Wahl Cordless Clipper and Trimmer Grooming Kit", "product_code": "1000383151459", "was_price": "60.00", "price": "30.00", "price_per_uom": "30.00/", "volume": "each", "saver_label": null, "promo_rewards": null, "product_href": "https://groceries.asda.com/product/mens-electrical-grooming/wahl-cordless-clipper-and-trimmer-grooming-kit/1000383151459"}, {"title": "The Spice Tailor Southern Chettinad Curry 300g", "product_code": "1000383168898", "was_price": "3.75", "price": "2.50", "price_per_uom": "8.33/", "volume": "300g", "saver_label": null, "promo_rewards": null, "product_href": "https://groceries.asda.com/product/indian-meal-kits/the-spice-tailor-southern-chettinad-curry-300-g/1000383168898"}, {"title": "Schweppes Pink Soda", "product_code": "1000345249648", "was_price": null, "price": "1.75", "price_per_uom": "17.5/100", "volume": "1l", "saver_label": "Any 2 for \u00a32.50 View all", "promo_rewards": null, "product_href": "https://groceries.asda.com/product/mixers/schweppes-pink-soda/1000345249648"}, {"title": "L'Oreal Paris Color Riche Intense Volume Matte 16hr Volumizing Matte Lipstick 188 Rose Activist", "product_code": "1000362424797", "was_price": null, "price": "9.95", "price_per_uom": "3.98/10", "volume": "25g", "saver_label": null, "promo_rewards": null, "product_href": "https://groceries.asda.com/product/lipstick/l-oreal-paris-color-riche-intense-volume-matte-16-hr-volumizing-matte-lipstick-188-rose-activist/1000362424797"}, {"title": "ASDA Extra Special Chorizo Casero", "product_code": "1776003", "was_price": null, "price": "2.50", "price_per_uom": "1.11/100", "volume": "225g", "saver_label": "Any 3 for \u00a37 View all", "promo_rewards": null, "product_href": "https://groceries.asda.com/product/chorizo-salami-hams/asda-extra-special-chorizo-casero/1776003"}, {"title": "L'Oreal Paris Rouge Signature Plumping Sheer Pink Lip Gloss 402 Soar", "product_code": "1000383192018", "was_price": null, "price": "9.99", "price_per_uom": "14.27/10", "volume": "7ml", "saver_label": "Any 2 for \u00a312 View all", "promo_rewards": null, "product_href": "https://groceries.asda.com/product/lip-gloss/l-oreal-paris-rouge-signature-plumping-sheer-pink-lip-gloss-402-soar/1000383192018"}, {"title": "Pedigree DentaStix Daily Large Dog Dental Treats 4 Sticks", "product_code": "1000306913267", "was_price": null, "price": "1.29", "price_per_uom": "8.38/", "volume": "4pk", "saver_label": "Any 3 for \u00a33 View all", "promo_rewards": null, "product_href": "https://groceries.asda.com/product/dental-treats-health-treats/pedigree-denta-stix-daily-large-dog-dental-treats-4-sticks/1000306913267"}, {"title": "Ambre Solaire Hydra 24 Hour Protect Hydrating Protection Lotion SPF30", "product_code": "3337695", "was_price": "12.00", "price": "6.00", "price_per_uom": "3.00/100", "volume": "200ml", "saver_label": null, "promo_rewards": null, "product_href": "https://groceries.asda.com/product/sun-cream-lotion-sprays/ambre-solaire-hydra-24-hour-protect-hydrating-protection-lotion-spf-30/3337695"}, {"title": "Bisto Onion Gravy Granules", "product_code": "1000383166035", "was_price": "3.00", "price": "2.50", "price_per_uom": "83.3/100", "volume": "300g", "saver_label": null, "promo_rewards": null, "product_href": "https://groceries.asda.com/product/gravy/bisto-onion-gravy-granules/1000383166035"}, {"title": "George Home One I Love Lettering and Hearts Birthday Card", "product_code": "1000289208804", "was_price": null, "price": "1.50", "price_per_uom": "1.50/", "volume": "each", "saver_label": "Any 3 for \u00a33 View all", "promo_rewards": null, "product_href": "https://groceries.asda.com/product/greeting-cards/george-home-one-i-love-lettering-and-hearts-birthday-card/1000289208804"}, {"title": "Birds Eye 2 Chicken Shop Sizzler Fillet Burgers", "product_code": "1000196515653", "was_price": "4.20", "price": "3.00", "price_per_uom": "13.22/", "volume": "227g", "saver_label": null, "promo_rewards": null, "product_href": "https://groceries.asda.com/product/kievs-burgers/birds-eye-2-chicken-shop-sizzler-fillet-burgers/1000196515653"}, {"title": "Clairol Nice'n Easy Non Permanent Hair Dye No Ammonia Dark Brown 79", "product_code": "1000102025606", "was_price": null, "price": "5.50", "price_per_uom": "5.50/", "volume": "each", "saver_label": "Any 2 for \u00a39 View all", "promo_rewards": null, "product_href": "https://groceries.asda.com/product/semi-permanent-hair-dye/clairol-nicen-easy-non-permanent-hair-dye-no-ammonia-dark-brown-79/1000102025606"}, {"title": "Max Factor Masterpiece Xpress 60s Nail Polish Mellow Merlot", "product_code": "1000383191055", "was_price": null, "price": "5.98", "price_per_uom": "7.47/10", "volume": "8ml", "saver_label": null, "promo_rewards": null, "product_href": "https://groceries.asda.com/product/nail-polish/max-factor-masterpiece-xpress-60-s-nail-polish-mellow-merlot/1000383191055"}, {"title": "Ben's Original Caribbean Inspired Flavour Microwave Rice", "product_code": "1000383175177", "was_price": "1.40", "price": "1.00", "price_per_uom": "4.55/", "volume": "220g", "saver_label": null, "promo_rewards": null, "product_href": "https://groceries.asda.com/product/flavoured-microwave-rice/bens-original-caribbean-inspired-flavour-microwave-rice/1000383175177"}, {"title": "Fillipo Sansovino Pinot Grigio 18.7cl", "product_code": "1000383209780", "was_price": null, "price": "2.25", "price_per_uom": "9.02/753", "volume": "18.7cl", "saver_label": "4 for 3 View all", "promo_rewards": null, "product_href": "https://groceries.asda.com/product/pinot-grigio/fillipo-sansovino-pinot-grigio-18-7-cl/1000383209780"}, {"title": "ASDA Mild & Crisp Edamame Bean & Broccoli Stir-Fry 320g", "product_code": "1000009333098", "was_price": null, "price": "1.00", "price_per_uom": "31.2/100", "volume": "320g", "saver_label": null, "promo_rewards": null, "product_href": "https://groceries.asda.com/product/stir-fry/asda-mild-crisp-edamame-bean-broccoli-stir-fry-320-g/1000009333098"}, {"title": "L'OR Espresso Lungo Profundo, Intensity 11, Nespresso Compatible - 20 aluminium Pods", "product_code": "1000231365512", "was_price": "6.30", "price": "5.25", "price_per_uom": "5.05/100", "volume": "20pk", "saver_label": null, "promo_rewards": null, "product_href": "https://groceries.asda.com/product/nespresso-compatible-pods/lor-espresso-lungo-profundo-intensity-11-nespresso-compatible-20-aluminium-pods/1000231365512"}, {"title": "Biotiful Kefir Mango Drink", "product_code": "1000226920903", "was_price": "2.50", "price": "1.75", "price_per_uom": "35.0/100", "volume": "500ml", "saver_label": null, "promo_rewards": null, "product_href": "https://groceries.asda.com/product/kefir-live-yogurt-drinks/biotiful-kefir-mango-drink/1000226920903"}, {"title": "Scoville Neverstick Slotted Turner", "product_code": "1000232566625", "was_price": "3.75", "price": "2.75", "price_per_uom": "2.75/", "volume": "each", "saver_label": null, "promo_rewards": null, "product_href": "https://groceries.asda.com/product/cooking-utensils-food-preparation/scoville-neverstick-slotted-turner/1000232566625"}, {"title": "Max Factor Masterpiece Mono Eyeshadow Rose Moonlight", "product_code": "1000383115284", "was_price": null, "price": "4.98", "price_per_uom": "26.92/10", "volume": "1.85g", "saver_label": null, "promo_rewards": null, "product_href": "https://groceries.asda.com/product/eye-shadow/max-factor-masterpiece-mono-eyeshadow-rose-moonlight/1000383115284"}, {"title": "Popchips Sour Cream & Onion Multipack Crisps", "product_code": "1000266735447", "was_price": null, "price": "2.25", "price_per_uom": "2.65/100", "volume": "5x17g", "saver_label": "Any 2 for \u00a33.25 View all", "promo_rewards": null, "product_href": "https://groceries.asda.com/product/small-multipack-crisps-4-8-packs/popchips-sour-cream-onion-multipack-crisps/1000266735447"}, {"title": "HP 364 Black and Colour Ink", "product_code": "910002388178", "was_price": null, "price": "52.50", "price_per_uom": "52.50/", "volume": "each", "saver_label": "Any 2 for \u00a352.50 View all", "promo_rewards": null, "product_href": "https://groceries.asda.com/product/ink-cartridges-printer-paper/hp-364-black-and-colour-ink/910002388178"}, {"title": "Vivera Plant Shawarma Kebab", "product_code": "1000383159096", "was_price": "2.65", "price": "2.10", "price_per_uom": "12.00/", "volume": "175g", "saver_label": null, "promo_rewards": null, "product_href": "https://groceries.asda.com/product/vegan-burgers-mince/vivera-plant-shawarma-kebab/1000383159096"}, {"title": "Indus Spicy Mayo Sauce", "product_code": "1000383112286", "was_price": "1.75", "price": "1.50", "price_per_uom": "37.5/100", "volume": "400ml", "saver_label": null, "promo_rewards": null, "product_href": "https://groceries.asda.com/product/indian-asian-cooking-ingredients/indus-spicy-mayo-sauce/1000383112286"}, {"title": "Ella's Kitchen Organic Sweet Potatoes, Broccoli and Carrots Baby Food Pouch 4+ Months", "product_code": "910000284403", "was_price": null, "price": "1.30", "price_per_uom": "1.08/100", "volume": "120g", "saver_label": "Any 5 for \u00a36 View all", "promo_rewards": null, "product_href": "https://groceries.asda.com/product/pouches/ellas-kitchen-organic-sweet-potatoes-broccoli-and-carrots-baby-food-pouch-4-months/910000284403"}, {"title": "Abidec Advanced Multivitamin Syrup Plus Omega 6 & 9 - Ages 1 - 5 Years", "product_code": "910003003027", "was_price": null, "price": "5.00", "price_per_uom": "33.33/", "volume": "150ml", "saver_label": "3 for 2 View all", "promo_rewards": null, "product_href": "https://groceries.asda.com/product/childrens-vitamins/abidec-advanced-multivitamin-syrup-plus-omega-6-9-ages-1-5-years/910003003027"}, {"title": "Tetley Super Green Detox 20 Mint Tea Bags", "product_code": "910002312213", "was_price": null, "price": "2.25", "price_per_uom": "5.62/100", "volume": "20pk", "saver_label": "Any 2 for \u00a33 View all", "promo_rewards": null, "product_href": "https://groceries.asda.com/product/green-tea/tetley-super-green-detox-20-mint-tea-bags/910002312213"}, {"title": "ASDA Medium Stonebaked Thin & Crispy The Sizzler (Typically 415g)", "product_code": "1000246055128", "was_price": null, "price": "4.00", "price_per_uom": "10.72/", "volume": "373g", "saver_label": null, "promo_rewards": null, "product_href": "https://groceries.asda.com/product/pizza-counter/asda-medium-stonebaked-thin-crispy-the-sizzler-typically-415-g/1000246055128"}, {"title": "Nivea 3in1 Repair Care Hand Cream", "product_code": "1000213275041", "was_price": "5.00", "price": "3.35", "price_per_uom": "3.35/100", "volume": "100ml", "saver_label": null, "promo_rewards": null, "product_href": "https://groceries.asda.com/product/hand-creams/nivea-3-in-1-repair-care-hand-cream/1000213275041"}, {"title": "Bic Mega Lighter", "product_code": "910002613170", "was_price": "3.30", "price": "2.00", "price_per_uom": "2.00/", "volume": "each", "saver_label": null, "promo_rewards": null, "product_href": "https://groceries.asda.com/product/cooking-utensils-food-preparation/bic-mega-lighter/910002613170"}, {"title": "Monday Haircare Volume Conditioner", "product_code": "1000383119370", "was_price": "5.00", "price": "3.75", "price_per_uom": "1.07/100", "volume": "350ml", "saver_label": null, "promo_rewards": null, "product_href": "https://groceries.asda.com/product/conditioner/monday-haircare-volume-conditioner/1000383119370"}, {"title": "Skinny Tan Medium Self-Tanning Whip", "product_code": "1000383164675", "was_price": "22.00", "price": "16.00", "price_per_uom": "10.67/100", "volume": "150ml", "saver_label": null, "promo_rewards": null, "product_href": "https://groceries.asda.com/product/instant-fake-tan/skinny-tan-medium-self-tanning-whip/1000383164675"}, {"title": "Get More Vits Vitamin D Sugar Free Still Mango & Passionfruit Drink", "product_code": "1000110474207", "was_price": null, "price": "1.80", "price_per_uom": "18.0/100", "volume": "1l", "saver_label": "Any 2 for \u00a32.50 View all", "promo_rewards": null, "product_href": "https://groceries.asda.com/product/health-wellbeing/get-more-vits-vitamin-d-sugar-free-still-mango-passionfruit-drink/1000110474207"}, {"title": "Bahlsen Choco Leibniz Milk 111g", "product_code": "1000383177947", "was_price": "1.85", "price": "1.25", "price_per_uom": "1.13/100", "volume": "111g", "saver_label": null, "promo_rewards": null, "product_href": "https://groceries.asda.com/product/luxury-chocolate-biscuits/bahlsen-choco-leibniz-milk-111-g/1000383177947"}, {"title": "Epson T1621 Black Ink Cartridge", "product_code": "1000002366397", "was_price": null, "price": "12.50", "price_per_uom": "12.50/", "volume": "each", "saver_label": "Any 2 for \u00a312.50 View all", "promo_rewards": null, "product_href": "https://groceries.asda.com/product/ink-cartridges-printer-paper/epson-t-1621-black-ink-cartridge/1000002366397"}, {"title": "Boofle On Our Anniversary Card", "product_code": "1000383165795", "was_price": null, "price": "1.50", "price_per_uom": "1.50/", "volume": "each", "saver_label": "Any 3 for \u00a33 View all", "promo_rewards": null, "product_href": "https://groceries.asda.com/product/greeting-cards/boofle-on-our-anniversary-card/1000383165795"}, {"title": "Pampers New Baby Size 1, 80 Nappies, 2kg-5kg, Jumbo+ Pack", "product_code": "1000230965177", "was_price": null, "price": "13.00", "price_per_uom": "16.2/", "volume": "80pk", "saver_label": "Any 2 for \u00a319 View all", "promo_rewards": null, "product_href": "https://groceries.asda.com/product/pampers-bigger-packs/pampers-new-baby-size-1-80-nappies-2-kg-5-kg-jumbo-pack/1000230965177"}, {"title": "Mug Shot Pasta Creamy Cheese", "product_code": "442822", "was_price": "0.79", "price": "0.50", "price_per_uom": "73.5/100", "volume": "68g", "saver_label": null, "promo_rewards": null, "product_href": "https://groceries.asda.com/product/pasta-pots/mug-shot-pasta-creamy-cheese/442822"}, {"title": "Galaxy Milk Chocolate Cake Bars", "product_code": "1238630", "was_price": "3.20", "price": "2.50", "price_per_uom": "2.50/", "volume": "10pk", "saver_label": null, "promo_rewards": null, "product_href": "https://groceries.asda.com/product/cake-bars-mini-rolls/galaxy-milk-chocolate-cake-bars/1238630"}, {"title": "ASDA Extra Special North Canterbury Pinot Noir", "product_code": "1000383162057", "was_price": null, "price": "10.25", "price_per_uom": "10.25/753", "volume": "75cl", "saver_label": null, "promo_rewards": null, "product_href": "https://groceries.asda.com/product/pinot-noir/asda-extra-special-north-canterbury-pinot-noir/1000383162057"}, {"title": "Warburtons 5 Sesame Bagels", "product_code": "1000189453553", "was_price": "1.85", "price": "1.35", "price_per_uom": "27.0/", "volume": "5pk", "saver_label": null, "promo_rewards": null, "product_href": "https://groceries.asda.com/product/bagels/warburtons-5-sesame-bagels/1000189453553"}, {"title": "Kirsty's Lentil Cottage Pie", "product_code": "1000329558291", "was_price": "3.50", "price": "3.00", "price_per_uom": "7.50/", "volume": "400g", "saver_label": null, "promo_rewards": null, "product_href": "https://groceries.asda.com/product/healthier-choices/kirstys-lentil-cottage-pie/1000329558291"}, {"title": "Air Wick Fresh Spring Oasis Electrical Plug In Single Refill 19ml Lasts up to 100 days", "product_code": "1000383210234", "was_price": null, "price": "3.50", "price_per_uom": "184.21/", "volume": "19ml", "saver_label": "Any 2 for \u00a36 View all", "promo_rewards": null, "product_href": "https://groceries.asda.com/product/air-wick/air-wick-fresh-spring-oasis-electrical-plug-in-single-refill-19-ml-lasts-up-to-100-days/1000383210234"}, {"title": "Tropicana Sensations Multivitamin Boost 850ml", "product_code": "1000383224874", "was_price": "3.50", "price": "2.50", "price_per_uom": "29.4/100", "volume": "850ml", "saver_label": null, "promo_rewards": "Star product", "product_href": "https://groceries.asda.com/product/tropical-juice/tropicana-sensations-multivitamin-boost-850-ml/1000383224874"}, {"title": "Andrex Classic Clean Washlets Moist Toilet Tissue", "product_code": "1000383164648", "was_price": "2.00", "price": "1.50", "price_per_uom": "1.50/", "volume": "each", "saver_label": null, "promo_rewards": null, "product_href": "https://groceries.asda.com/product/moist-toilet-tissue/andrex-classic-clean-washlets-moist-toilet-tissue/1000383164648"}, {"title": "Clairol Nice'n Easy Permanent Hair Dye 9B Light Beige Blonde", "product_code": "1000012279583", "was_price": null, "price": "8.00", "price_per_uom": "8.00/", "volume": "each", "saver_label": "Any 2 for \u00a312 View all", "promo_rewards": null, "product_href": "https://groceries.asda.com/product/permanent-hair-dye/clairol-nicen-easy-permanent-hair-dye-9-b-light-beige-blonde/1000012279583"}, {"title": "ASDA Asda Mexican Style Chicken Breast Slices", "product_code": "1000383167056", "was_price": null, "price": "2.95", "price_per_uom": "1.84/100", "volume": "160g", "saver_label": "Any 3 for \u00a37 View all", "promo_rewards": null, "product_href": "https://groceries.asda.com/product/sliced-chicken-turkey-breast/asda-asda-mexican-style-chicken-breast-slices/1000383167056"}, {"title": "George Home Die Cut Beers Birthday Card", "product_code": "1000304470245", "was_price": null, "price": "1.50", "price_per_uom": "1.50/", "volume": "each", "saver_label": "Any 3 for \u00a33 View all", "promo_rewards": null, "product_href": "https://groceries.asda.com/product/greeting-cards/george-home-die-cut-beers-birthday-card/1000304470245"}, {"title": "Whitby Seafoods Panko Calamari 200g", "product_code": "1000383228162", "was_price": "3.75", "price": "3.35", "price_per_uom": "16.75/", "volume": "200g", "saver_label": null, "promo_rewards": null, "product_href": "https://groceries.asda.com/product/prawns-mussels/whitby-seafoods-panko-calamari-200-g/1000383228162"}, {"title": "George Home Natural Laundry Bag", "product_code": "1000383213292", "was_price": "6.00", "price": "4.50", "price_per_uom": "4.50/", "volume": "each", "saver_label": null, "promo_rewards": null, "product_href": "https://groceries.asda.com/product/storage-containers/george-home-natural-laundry-bag/1000383213292"}, {"title": "Peroni Nastro Azzurro Stile Capri Beer Lager Bottles 3 pack", "product_code": "1000383164067", "was_price": "5.00", "price": "4.00", "price_per_uom": "4.04/", "volume": "3x330", "saver_label": null, "promo_rewards": null, "product_href": "https://groceries.asda.com/product/bottled-lagers/peroni-nastro-azzurro-stile-capri-beer-lager-bottles-3-pack/1000383164067"}, {"title": "Paperback How to Kill a Guy in Ten Ways by Eve Kellman", "product_code": "1000383235204", "was_price": null, "price": "5.00", "price_per_uom": "5.00/", "volume": "each", "saver_label": "Any 2 for \u00a39 View all", "promo_rewards": null, "product_href": "https://groceries.asda.com/product/paperback-books/paperback-how-to-kill-a-guy-in-ten-ways-by-eve-kellman/1000383235204"}, {"title": "Priogrigio Italian Sparkling Wine 75cl", "product_code": "1000383175539", "was_price": null, "price": "5.25", "price_per_uom": "5.25/753", "volume": "75cl", "saver_label": "Any 2 for \u00a310 View all", "promo_rewards": null, "product_href": "https://groceries.asda.com/product/sparkling-wine/priogrigio-italian-sparkling-wine-75-cl/1000383175539"}, {"title": "Ambre Solaire Invisible Protect Refresh Spray SPF50", "product_code": "1000355848473", "was_price": "14.00", "price": "7.00", "price_per_uom": "3.50/100", "volume": "200ml", "saver_label": null, "promo_rewards": null, "product_href": "https://groceries.asda.com/product/sun-cream-lotion-sprays/ambre-solaire-invisible-protect-refresh-spray-spf-50/1000355848473"}, {"title": "Robinsons Iron Maiden Trooper Premium British Beer", "product_code": "910001354419", "was_price": null, "price": "2.25", "price_per_uom": "4.50/", "volume": "500ml", "saver_label": "4 for 3 View all", "promo_rewards": null, "product_href": "https://groceries.asda.com/product/ale/robinsons-iron-maiden-trooper-premium-british-beer/910001354419"}, {"title": "Maybelline Lifter Gloss Plumping Hydrating Lip Gloss Hyaluronic Acid 005 Petal", "product_code": "1000291371045", "was_price": null, "price": "9.00", "price_per_uom": "16.67/10", "volume": "5.4ml", "saver_label": "Any 2 for \u00a312 View all", "promo_rewards": null, "product_href": "https://groceries.asda.com/product/lip-gloss/maybelline-lifter-gloss-plumping-hydrating-lip-gloss-hyaluronic-acid-005-petal/1000291371045"}, {"title": "ASDA Sensitive Pure Cotton Fabric Softener", "product_code": "1000241195674", "was_price": null, "price": "2.50", "price_per_uom": "1.25/", "volume": "1998ml", "saver_label": null, "promo_rewards": null, "product_href": "https://groceries.asda.com/product/fabric-conditioner-softeners/asda-sensitive-pure-cotton-fabric-softener/1000241195674"}, {"title": "The BAKERY at ASDA 8 White Wraps 488g", "product_code": "910000208644", "was_price": null, "price": "1.10", "price_per_uom": "13.8/", "volume": "8pk", "saver_label": null, "promo_rewards": null, "product_href": "https://groceries.asda.com/product/wraps/the-bakery-at-asda-8-white-wraps-488-g/910000208644"}, {"title": "ASDA Kitchen Foil 10 Metres", "product_code": "1000383180104", "was_price": null, "price": "1.45", "price_per_uom": "14.5/", "volume": "10m", "saver_label": null, "promo_rewards": null, "product_href": "https://groceries.asda.com/product/foil-trays-baking-paper/asda-kitchen-foil-10-metres/1000383180104"}, {"title": "George Home Natural Geometric Storage Basket", "product_code": "1000383166898", "was_price": "10.00", "price": "8.00", "price_per_uom": "8.00/", "volume": "each", "saver_label": null, "promo_rewards": null, "product_href": "https://groceries.asda.com/product/storage-containers/george-home-natural-geometric-storage-basket/1000383166898"}, {"title": "Lynx Ice Chill Anti-Perspirant Deodorant Spray for Men", "product_code": "1000102496203", "was_price": "5.00", "price": "3.75", "price_per_uom": "1.50/100", "volume": "250ml", "saver_label": null, "promo_rewards": null, "product_href": "https://groceries.asda.com/product/mens-spray-deodorant/lynx-ice-chill-anti-perspirant-deodorant-spray-for-men/1000102496203"}, {"title": "ASDA Succulent Cooked & Peeled Cold Water Prawns", "product_code": "1000100383817", "was_price": null, "price": "2.80", "price_per_uom": "18.67/", "volume": "150g", "saver_label": "Any 2 for \u00a35 View all", "promo_rewards": null, "product_href": "https://groceries.asda.com/product/prawns-mussels/asda-succulent-cooked-peeled-cold-water-prawns/1000100383817"}, {"title": "Iams for Vitality Fresh Chicken Dry Senior Cat Food", "product_code": "1000078799877", "was_price": null, "price": "5.00", "price_per_uom": "6.25/", "volume": "800g", "saver_label": "Any 2 for \u00a39 View all", "promo_rewards": null, "product_href": "https://groceries.asda.com/product/all-senior-cat-food/iams-for-vitality-fresh-chicken-dry-senior-cat-food/1000078799877"}, {"title": "Dunn's River Original Banana Flavour Milk Drink", "product_code": "910002046737", "was_price": "1.50", "price": "1.20", "price_per_uom": "30.0/100", "volume": "400g", "saver_label": null, "promo_rewards": null, "product_href": "https://groceries.asda.com/product/milk-drinks/dunns-river-original-banana-flavour-milk-drink/910002046737"}, {"title": "Kit Kat 2 Finger Milk Chocolate Biscuit Bars Bumper Multipack", "product_code": "1000232367042", "was_price": "2.65", "price": "2.50", "price_per_uom": "86.3/100", "volume": "14x20g", "saver_label": null, "promo_rewards": null, "product_href": "https://groceries.asda.com/product/multipack-biscuit-bars/kit-kat-2-finger-milk-chocolate-biscuit-bars-bumper-multipack/1000232367042"}, {"title": "Find Spot at the Beach by Eric Hill", "product_code": "1000383244007", "was_price": null, "price": "4.50", "price_per_uom": "4.50/", "volume": "each", "saver_label": "Any 2 for \u00a37 View all", "promo_rewards": null, "product_href": "https://groceries.asda.com/product/kids-books/find-spot-at-the-beach-by-eric-hill/1000383244007"}, {"title": "Nivea Derma Dry Control Antiperspirant 96h Deodorant Spray", "product_code": "1000383162009", "was_price": "5.00", "price": "3.35", "price_per_uom": "1.68/100", "volume": "200ml", "saver_label": null, "promo_rewards": null, "product_href": "https://groceries.asda.com/product/mens-spray-deodorant/nivea-derma-dry-control-antiperspirant-96-h-deodorant-spray/1000383162009"}, {"title": "Indus Ground Cumin Jeera", "product_code": "1000383160384", "was_price": "0.99", "price": "0.85", "price_per_uom": "8.5/10", "volume": "100g", "saver_label": null, "promo_rewards": null, "product_href": "https://groceries.asda.com/product/spices/indus-ground-cumin-jeera/1000383160384"}, {"title": "What the Ladybird Heard 15th Anniversary Edition by Julia Donaldson", "product_code": "1000383227829", "was_price": null, "price": "4.00", "price_per_uom": "4.00/", "volume": "each", "saver_label": "Any 2 for \u00a37 View all", "promo_rewards": null, "product_href": "https://groceries.asda.com/product/kids-books/what-the-ladybird-heard-15th-anniversary-edition-by-julia-donaldson/1000383227829"}, {"title": "George Home Red Strawberry Drinks Dispenser", "product_code": "1000383202406", "was_price": "10.00", "price": "7.50", "price_per_uom": "7.50/", "volume": "each", "saver_label": null, "promo_rewards": null, "product_href": "https://groceries.asda.com/product/tea-pots-cafetieres-jugs/george-home-red-strawberry-drinks-dispenser/1000383202406"}, {"title": "ASDA Bubble Tube Party Favours", "product_code": "910002857137", "was_price": null, "price": "1.50", "price_per_uom": "18.8/", "volume": "8pk", "saver_label": "Any 4 for \u00a35 View all", "promo_rewards": null, "product_href": "https://groceries.asda.com/product/bags-fillers-invites/asda-bubble-tube-party-favours/910002857137"}, {"title": "Iams for Vitality Fresh Chicken Dry Senior Dog Food Small/Medium Breed", "product_code": "1000078799850", "was_price": null, "price": "7.30", "price_per_uom": "3.65/", "volume": "2kg", "saver_label": "Any 2 for \u00a313 View all", "promo_rewards": null, "product_href": "https://groceries.asda.com/product/all-senior-dog-food/iams-for-vitality-fresh-chicken-dry-senior-dog-food-small-medium-breed/1000078799850"}, {"title": "Paperback You Are a Champion by Marcus Rashford", "product_code": "1000308470486", "was_price": null, "price": "4.00", "price_per_uom": "4.00/", "volume": "each", "saver_label": "Any 2 for \u00a37 View all", "promo_rewards": null, "product_href": "https://groceries.asda.com/product/paperback-books/paperback-you-are-a-champion-by-marcus-rashford/1000308470486"}, {"title": "Cono Sur Pinot Noir", "product_code": "9157624", "was_price": "7.00", "price": "6.00", "price_per_uom": "6.00/753", "volume": "75cl", "saver_label": null, "promo_rewards": null, "product_href": "https://groceries.asda.com/product/pinot-noir/cono-sur-pinot-noir/9157624"}, {"title": "Tango Orange", "product_code": "19006", "was_price": null, "price": "2.00", "price_per_uom": "10.0/100", "volume": "2lt", "saver_label": "Any 2 for \u00a32.50 View all", "promo_rewards": null, "product_href": "https://groceries.asda.com/product/regular-flavoured-fizzy-drinks/tango-orange/19006"}, {"title": "Ella's Kitchen Organic Apples, Sweet Potatoes and Peppers Baby Pouch 4+ Months", "product_code": "910000971264", "was_price": null, "price": "1.30", "price_per_uom": "1.08/100", "volume": "120g", "saver_label": "Any 5 for \u00a36 View all", "promo_rewards": null, "product_href": "https://groceries.asda.com/product/ellas-kitchen-baby-food/ellas-kitchen-organic-apples-sweet-potatoes-and-peppers-baby-pouch-4-months/910000971264"}, {"title": "Shredded Wheat Red Berry Wheats", "product_code": "1000383231344", "was_price": "2.00", "price": "1.75", "price_per_uom": "38.9/100", "volume": "450g", "saver_label": null, "promo_rewards": null, "product_href": "https://groceries.asda.com/product/wheat-biscuits-mini-wheats/shredded-wheat-red-berry-wheats/1000383231344"}, {"title": "Batiste Dry Shampoo Plus Brilliant Blonde", "product_code": "1000102496140", "was_price": null, "price": "4.50", "price_per_uom": "2.25/100", "volume": "200ml", "saver_label": null, "promo_rewards": null, "product_href": "https://groceries.asda.com/product/dry-shampoo/batiste-dry-shampoo-plus-brilliant-blonde/1000102496140"}, {"title": "Ambrosia Strawberry Flavour Custard Can", "product_code": "1000138674350", "was_price": null, "price": "1.60", "price_per_uom": "40.0/100", "volume": "400g", "saver_label": "Any 2 for \u00a32.50 View all", "promo_rewards": null, "product_href": "https://groceries.asda.com/product/custard/ambrosia-strawberry-flavour-custard-can/1000138674350"}, {"title": "ScentSationals Scentsational Wax Cubes Euphoric", "product_code": "1000383186119", "was_price": null, "price": "2.00", "price_per_uom": "2.00/", "volume": "each", "saver_label": "Any 3 for \u00a35 View all", "promo_rewards": null, "product_href": "https://groceries.asda.com/product/wax-cubes-and-burners/scent-sationals-scentsational-wax-cubes-euphoric/1000383186119"}, {"title": "Ten Minutes to Bed: Little Unicorn by Chris Chatterton", "product_code": "1000383213237", "was_price": null, "price": "4.00", "price_per_uom": "4.00/", "volume": "each", "saver_label": "Any 2 for \u00a37 View all", "promo_rewards": null, "product_href": "https://groceries.asda.com/product/kids-books/ten-minutes-to-bed-little-unicorn-by-chris-chatterton/1000383213237"}, {"title": "Hartley's Blackcurrant Flavour Jelly", "product_code": "28193", "was_price": "0.80", "price": "0.50", "price_per_uom": "40.0/100", "volume": "125g", "saver_label": null, "promo_rewards": null, "product_href": "https://groceries.asda.com/product/pudding-pots/hartleys-blackcurrant-flavour-jelly/28193"}, {"title": "Lenor Fabric Tumble Dryer Sheets Summer Breeze 34 Pack", "product_code": "910000832370", "was_price": "3.00", "price": "2.00", "price_per_uom": "5.9/", "volume": "34pk", "saver_label": null, "promo_rewards": null, "product_href": "https://groceries.asda.com/product/tumble-dryer-sheets-fabric-refreshers/lenor-fabric-tumble-dryer-sheets-summer-breeze-34-pack/910000832370"}, {"title": "KTC Plum Tomatoes in Tomato Juice", "product_code": "29659391", "was_price": null, "price": "0.65", "price_per_uom": "1.62/", "volume": "400g", "saver_label": "Any 2 for \u00a31 View all", "promo_rewards": null, "product_href": "https://groceries.asda.com/product/tinned-tomatoes/ktc-plum-tomatoes-in-tomato-juice/29659391"}, {"title": "Maybelline Master Ink Satin", "product_code": "910002046682", "was_price": null, "price": "7.00", "price_per_uom": "28.00/10", "volume": "2.5ml", "saver_label": null, "promo_rewards": null, "product_href": "https://groceries.asda.com/product/eyeliner/maybelline-master-ink-satin/910002046682"}, {"title": "Paperback Gruffalo Touch and Feel Book - Julia Donaldson", "product_code": "1000242811796", "was_price": null, "price": "4.00", "price_per_uom": "4.00/", "volume": "each", "saver_label": "Any 2 for \u00a37 View all", "promo_rewards": null, "product_href": "https://groceries.asda.com/product/kids-books/paperback-gruffalo-touch-and-feel-book-julia-donaldson/1000242811796"}, {"title": "Oral B Pro-Expert Extra Clean Eco Edition Toothbrush", "product_code": "1000383118417", "was_price": "3.50", "price": "2.00", "price_per_uom": "2.00/", "volume": "each", "saver_label": null, "promo_rewards": null, "product_href": "https://groceries.asda.com/product/medium-toothbrushes/oral-b-pro-expert-extra-clean-eco-edition-toothbrush/1000383118417"}, {"title": "Old Golden Hen Refreshing Craft Beer", "product_code": "910000473042", "was_price": null, "price": "2.25", "price_per_uom": "4.50/", "volume": "500ml", "saver_label": "4 for 3 View all", "promo_rewards": null, "product_href": "https://groceries.asda.com/product/ale/old-golden-hen-refreshing-craft-beer/910000473042"}, {"title": "Creightons Cr\u00e8me de Coconut Nourishing Conditioner 250ml", "product_code": "1000383188305", "was_price": "3.00", "price": "2.50", "price_per_uom": "10.4/", "volume": "24pk", "saver_label": null, "promo_rewards": null, "product_href": "https://groceries.asda.com/product/conditioner/creightons-creme-de-coconut-nourishing-conditioner-250-ml/1000383188305"}, {"title": "Holland's Potato & Meat Pie", "product_code": "393136", "was_price": "1.60", "price": "1.00", "price_per_uom": "53.2/100", "volume": "188g", "saver_label": null, "promo_rewards": null, "product_href": "https://groceries.asda.com/product/pies/hollands-potato-meat-pie/393136"}, {"title": "Pedigree DentaStix Daily Medium Dog Dental Treats 5 Sticks", "product_code": "1000288781395", "was_price": null, "price": "1.29", "price_per_uom": "10.08/", "volume": "5pk", "saver_label": "Any 3 for \u00a33 View all", "promo_rewards": null, "product_href": "https://groceries.asda.com/product/dental-treats-health-treats/pedigree-denta-stix-daily-medium-dog-dental-treats-5-sticks/1000288781395"}, {"title": "Paperback Mortimer & Whitehouse: Gone Fishing by Bob Mortimer", "product_code": "1000383184704", "was_price": null, "price": "5.00", "price_per_uom": "5.00/", "volume": "each", "saver_label": "Any 2 for \u00a39 View all", "promo_rewards": null, "product_href": "https://groceries.asda.com/product/paperback-books/paperback-mortimer-whitehouse-gone-fishing-by-bob-mortimer/1000383184704"}, {"title": "Olay Retinol24 Night Face Moisturiser With Retinol & Vitamin B3", "product_code": "1000344058210", "was_price": "38.00", "price": "19.00", "price_per_uom": "38.00/100", "volume": "50ml", "saver_label": null, "promo_rewards": null, "product_href": "https://groceries.asda.com/product/night-creams-night-moisturisers/olay-retinol-24-night-face-moisturiser-with-retinol-vitamin-b-3/1000344058210"}, {"title": "McVitie's Blissfuls Belgian Milk Chocolate & Hazelnut Biscuits 172g", "product_code": "1000383174616", "was_price": "2.25", "price": "2.00", "price_per_uom": "1.16/100", "volume": "172g", "saver_label": null, "promo_rewards": null, "product_href": "https://groceries.asda.com/product/chocolate-digestives-oat-biscuits/mc-vities-blissfuls-belgian-milk-chocolate-hazelnut-biscuits-172-g/1000383174616"}, {"title": "Vi\u00f1alba Reserve Malbec", "product_code": "1000383163876", "was_price": null, "price": "10.00", "price_per_uom": "10.00/753", "volume": "75cl", "saver_label": null, "promo_rewards": null, "product_href": "https://groceries.asda.com/product/malbec/vinalba-reserve-malbec/1000383163876"}, {"title": "ASDA Tangy & Juicy Sweetclems", "product_code": "910003042321", "was_price": null, "price": "1.35", "price_per_uom": "2.25/", "volume": "600g", "saver_label": "Any 2 for \u00a32 View all", "promo_rewards": null, "product_href": "https://groceries.asda.com/product/oranges-easy-peelers/asda-tangy-juicy-sweetclems/910003042321"}, {"title": "Maybelline Fit Me! Matte+Poreless Liquid Foundation 360 Mocha 30ml", "product_code": "1000244634715", "was_price": null, "price": "9.00", "price_per_uom": "2.14/10", "volume": "42g", "saver_label": "Any 2 for \u00a312 View all", "promo_rewards": null, "product_href": "https://groceries.asda.com/product/foundation-bb-cc-cream/maybelline-fit-me-matte-poreless-liquid-foundation-360-mocha-30-ml/1000244634715"}, {"title": "Rimmel London 60 Seconds Super Shine By Rita Ora Go Wild-Er-Ness", "product_code": "910001752202", "was_price": null, "price": "3.95", "price_per_uom": "4.94/10", "volume": "8ml", "saver_label": "Any 2 for \u00a37 View all", "promo_rewards": null, "product_href": "https://groceries.asda.com/product/nail-polish/rimmel-london-60-seconds-super-shine-by-rita-ora-go-wild-er-ness/910001752202"}, {"title": "Simple Regeneration Age Resisting Facial Wash", "product_code": "910001007385", "was_price": "6.00", "price": "3.00", "price_per_uom": "2.00/100", "volume": "150ml", "saver_label": null, "promo_rewards": null, "product_href": "https://groceries.asda.com/product/face-wash/simple-regeneration-age-resisting-facial-wash/910001007385"}, {"title": "Verywell Feel Your Best A-Z Multivitamins & Minerals 1 A Day 90 Tablets", "product_code": "1000383190733", "was_price": null, "price": "6.00", "price_per_uom": "6.7/", "volume": "90pk", "saver_label": "3 for 2 View all", "promo_rewards": null, "product_href": "https://groceries.asda.com/product/adult-multivitamins/verywell-feel-your-best-a-z-multivitamins-minerals-1-a-day-90-tablets/1000383190733"}, {"title": "Propercorn Salted Microwave Popcorn 3x", "product_code": "1000132169294", "was_price": "2.25", "price": "1.75", "price_per_uom": "83.3/100", "volume": "3x70g", "saver_label": null, "promo_rewards": null, "product_href": "https://groceries.asda.com/product/multipack-popcorn/propercorn-salted-microwave-popcorn-3-x/1000132169294"}, {"title": "Dreamies Meaty Sticks Adult & Kitten Cat Treats with Scrumptious Salmon", "product_code": "1000383135380", "was_price": null, "price": "1.15", "price_per_uom": "38.33/", "volume": "30g", "saver_label": null, "promo_rewards": null, "product_href": "https://groceries.asda.com/product/cat-biscuit-treats/dreamies-meaty-sticks-adult-kitten-cat-treats-with-scrumptious-salmon/1000383135380"}, {"title": "Verywell Vitamins Orange Flavour Vitamin C Effervescent Tablets 1 A Day 20 Tablets", "product_code": "1000383190757", "was_price": null, "price": "3.50", "price_per_uom": "17.5/", "volume": "20pk", "saver_label": "3 for 2 View all", "promo_rewards": null, "product_href": "https://groceries.asda.com/product/cold-immune-support-vitamins/verywell-vitamins-orange-flavour-vitamin-c-effervescent-tablets-1-a-day-20-tablets/1000383190757"}, {"title": "George Home Grey Boxed Frame 7 x 5Inch", "product_code": "1000189643960", "was_price": "1.50", "price": "1.25", "price_per_uom": "1.25/", "volume": "7x5in", "saver_label": null, "promo_rewards": null, "product_href": "https://groceries.asda.com/product/photo-frames-albums/george-home-grey-boxed-frame-7-x-5-inch/1000189643960"}, {"title": "Piccolo Organic Kids Biscuits Cocoa", "product_code": "1000383135996", "was_price": "2.20", "price": "2.00", "price_per_uom": "2.00/100", "volume": "100g", "saver_label": null, "promo_rewards": null, "product_href": "https://groceries.asda.com/product/kids-snacks-3-years/piccolo-organic-kids-biscuits-cocoa/1000383135996"}, {"title": "Contigo Byron Blue Travel Mug", "product_code": "1000383107242", "was_price": "12.50", "price": "10.00", "price_per_uom": "10.00/", "volume": "470ml", "saver_label": null, "promo_rewards": null, "product_href": "https://groceries.asda.com/product/bottles-flasks-travel-mugs/contigo-byron-blue-travel-mug/1000383107242"}, {"title": "Sally Hansen Miracle Gel 101 Top Coat", "product_code": "910002958310", "was_price": "9.95", "price": "7.95", "price_per_uom": "5.41/10", "volume": "14.7ml", "saver_label": null, "promo_rewards": null, "product_href": "https://groceries.asda.com/product/nail-polish/sally-hansen-miracle-gel-101-top-coat/910002958310"}, {"title": "Indus Garlic Powder", "product_code": "1000383160437", "was_price": "0.99", "price": "0.85", "price_per_uom": "8.5/10", "volume": "100g", "saver_label": null, "promo_rewards": null, "product_href": "https://groceries.asda.com/product/spices/indus-garlic-powder/1000383160437"}, {"title": "Desperados Original Tequila Flavoured Beer Bottle", "product_code": "910001331161", "was_price": null, "price": "3.20", "price_per_uom": "4.92/", "volume": "650ml", "saver_label": "4 for 3 View all", "promo_rewards": null, "product_href": "https://groceries.asda.com/product/bottled-lagers/desperados-original-tequila-flavoured-beer-bottle/910001331161"}, {"title": "19 Crimes The Uprising Red Wine", "product_code": "1000034704421", "was_price": null, "price": "8.00", "price_per_uom": "8.00/753", "volume": "75cl", "saver_label": null, "promo_rewards": null, "product_href": "https://groceries.asda.com/product/all-other-grapes/19-crimes-the-uprising-red-wine/1000034704421"}, {"title": "Sensodyne Clinical White Enamel Strengthening Toothpaste, 75ml", "product_code": "1000383219500", "was_price": "10.00", "price": "5.00", "price_per_uom": "6.67/100", "volume": "75ml", "saver_label": null, "promo_rewards": null, "product_href": "https://groceries.asda.com/product/whitening-toothpaste/sensodyne-clinical-white-enamel-strengthening-toothpaste-75-ml/1000383219500"}, {"title": "Tanqueray Flor de Sevilla Gin and Tonic", "product_code": "1000276342847", "was_price": null, "price": "2.50", "price_per_uom": "10.00/", "volume": "250ml", "saver_label": "4 for 3 View all", "promo_rewards": null, "product_href": "https://groceries.asda.com/product/pre-mixed-drinks/tanqueray-flor-de-sevilla-gin-and-tonic/1000276342847"}, {"title": "Sierra Nevada Pale Ale 473ml", "product_code": "1000383221073", "was_price": null, "price": "3.00", "price_per_uom": "6.34/", "volume": "473ml", "saver_label": "4 for 3 View all", "promo_rewards": null, "product_href": "https://groceries.asda.com/product/pale-ales/sierra-nevada-pale-ale-473-ml/1000383221073"}, {"title": "ASDA Stonebaked Vegetable Supreme Pizza 340g", "product_code": "1000383191431", "was_price": "3.00", "price": "2.00", "price_per_uom": "5.88/", "volume": "340g", "saver_label": null, "promo_rewards": null, "product_href": "https://groceries.asda.com/product/boxed-pizza/asda-stonebaked-vegetable-supreme-pizza-340-g/1000383191431"}, {"title": "Adventuros Strips Dog Treat Venison Flavour", "product_code": "910001751918", "was_price": null, "price": "1.10", "price_per_uom": "12.22/", "volume": "90g", "saver_label": "Any 3 for \u00a33 View all", "promo_rewards": null, "product_href": "https://groceries.asda.com/product/rewarding-treats/adventuros-strips-dog-treat-venison-flavour/910001751918"}, {"title": "Attack A Snak Ham 'n Cheese Wrap Kit with Tomato Ketchup", "product_code": "1000383166852", "was_price": "1.60", "price": "1.00", "price_per_uom": "11.63/", "volume": "86g", "saver_label": null, "promo_rewards": "Star product", "product_href": "https://groceries.asda.com/product/cheese-snacking/attack-a-snak-ham-n-cheese-wrap-kit-with-tomato-ketchup/1000383166852"}, {"title": "Carex Antibacterial Aloe Vera Hand Wash (may come in refill pack)", "product_code": "37546", "was_price": "1.50", "price": "1.00", "price_per_uom": "40.0/100", "volume": "250ml", "saver_label": null, "promo_rewards": null, "product_href": "https://groceries.asda.com/product/hand-wash/carex-antibacterial-aloe-vera-hand-wash-may-come-in-refill-pack/37546"}, {"title": "Max Factor Colour Elixir Lipstick 050 Pink Brandy", "product_code": "1000217105216", "was_price": null, "price": "9.98", "price_per_uom": "24.95/10", "volume": "4gr", "saver_label": "Any 2 for \u00a314 View all", "promo_rewards": null, "product_href": "https://groceries.asda.com/product/lipstick/max-factor-colour-elixir-lipstick-050-pink-brandy/1000217105216"}, {"title": "ASDA Mild Baby Leaf & Rocket Salad", "product_code": "910003092407", "was_price": null, "price": "0.85", "price_per_uom": "1.13/100", "volume": "75g", "saver_label": "Any 2 for \u00a31.50 View all", "promo_rewards": null, "product_href": "https://groceries.asda.com/product/salad-bags/asda-mild-baby-leaf-rocket-salad/910003092407"}, {"title": "ASDA Citrus Burst Extra Thick Bleach", "product_code": "1000275482736", "was_price": null, "price": "0.90", "price_per_uom": "1.20/", "volume": "750ml", "saver_label": null, "promo_rewards": null, "product_href": "https://groceries.asda.com/product/bleach-disinfectants/asda-citrus-burst-extra-thick-bleach/1000275482736"}, {"title": "ASDA 12 Large Free Range Eggs", "product_code": "37519", "was_price": null, "price": "2.95", "price_per_uom": "24.6/", "volume": "12pk", "saver_label": null, "promo_rewards": null, "product_href": "https://groceries.asda.com/product/free-range-eggs/asda-12-large-free-range-eggs/37519"}, {"title": "ASDA Kitchen Foil 10 Metres", "product_code": "1000383180104", "was_price": null, "price": "1.45", "price_per_uom": "14.5/", "volume": "10m", "saver_label": null, "promo_rewards": null, "product_href": "https://groceries.asda.com/product/foil-trays-baking-paper/asda-kitchen-foil-10-metres/1000383180104"}, {"title": "Kiddylicious Apple Crisps 3+ Years", "product_code": "1000383170883", "was_price": "2.65", "price": "2.20", "price_per_uom": "4.58/100", "volume": "4x12g", "saver_label": null, "promo_rewards": null, "product_href": "https://groceries.asda.com/product/puffs-crisps/kiddylicious-apple-crisps-3-years/1000383170883"}, {"title": "Naturo Turkey & Rice with Vegetables Senior Dog Food Tray", "product_code": "1000023134978", "was_price": "1.45", "price": "1.20", "price_per_uom": "3.00/", "volume": "400g", "saver_label": null, "promo_rewards": null, "product_href": "https://groceries.asda.com/product/natural-dog-food/naturo-turkey-rice-with-vegetables-senior-dog-food-tray/1000023134978"}, {"title": "Pepsi Regular Cola Bottle", "product_code": "1000383174643", "was_price": null, "price": "1.60", "price_per_uom": "32.0/100", "volume": "500ml", "saver_label": "3 for 2 View all", "promo_rewards": null, "product_href": "https://groceries.asda.com/product/regular-cola/pepsi-regular-cola-bottle/1000383174643"}, {"title": "Goodfella's Supreme Mac & Cheese", "product_code": "1000383169330", "was_price": null, "price": "3.00", "price_per_uom": "8.57/", "volume": "350g", "saver_label": "Any 2 for \u00a34 View all", "promo_rewards": null, "product_href": "https://groceries.asda.com/product/italian-meals/goodfellas-supreme-mac-cheese/1000383169330"}, {"title": "Hilalturk Chicken Salami", "product_code": "81517660", "was_price": "2.30", "price": "2.00", "price_per_uom": "40.0/100", "volume": "500g", "saver_label": null, "promo_rewards": null, "product_href": "https://groceries.asda.com/product/halal-food/hilalturk-chicken-salami/81517660"}, {"title": "Walkers French Fries Assorted Multipack Crisps", "product_code": "1000383163053", "was_price": "4.85", "price": "4.00", "price_per_uom": "1.11/100", "volume": "20x18g", "saver_label": null, "promo_rewards": null, "product_href": "https://groceries.asda.com/product/large-multipack-crisps-10-packs/walkers-french-fries-assorted-multipack-crisps/1000383163053"}, {"title": "George Home White & Blue 3D Fish-Shaped Mug", "product_code": "1000383202804", "was_price": "3.50", "price": "3.00", "price_per_uom": "3.00/", "volume": "each", "saver_label": null, "promo_rewards": null, "product_href": "https://groceries.asda.com/product/single-mugs/george-home-white-blue-3-d-fish-shaped-mug/1000383202804"}, {"title": "ASDA Meal For One Sweet & Sour Crispy Chicken with Egg Fried Rice 400g", "product_code": "910002657948", "was_price": null, "price": "3.00", "price_per_uom": "7.50/", "volume": "400g", "saver_label": "Any 3 for \u00a37.50 View all", "promo_rewards": null, "product_href": "https://groceries.asda.com/product/3-for-7-50-ready-meals/asda-meal-for-one-sweet-sour-crispy-chicken-with-egg-fried-rice-400-g/910002657948"}, {"title": "Olay Olay Anti-Wrinkle Firm And Lift Olay Serum", "product_code": "910000448800", "was_price": "14.00", "price": "6.50", "price_per_uom": "13.00/100", "volume": "50ml", "saver_label": null, "promo_rewards": null, "product_href": "https://groceries.asda.com/product/face-serums-oils/olay-olay-anti-wrinkle-firm-and-lift-olay-serum/910000448800"}, {"title": "ASDA Extra Special 4 Salt & Cracked Black Pepper Beef Burgers", "product_code": "910001932819", "was_price": "3.50", "price": "3.00", "price_per_uom": "6.61/", "volume": "454g", "saver_label": null, "promo_rewards": null, "product_href": "https://groceries.asda.com/product/beef-burgers-bbq/asda-extra-special-4-salt-cracked-black-pepper-beef-burgers/910001932819"}, {"title": "Strings & Things Yollies Strawberry Yogurt Lollies", "product_code": "910001451015", "was_price": "1.75", "price": "1.25", "price_per_uom": "1.25/100", "volume": "4x25g", "saver_label": null, "promo_rewards": null, "product_href": "https://groceries.asda.com/product/kids-yogurts-fromage-frais/strings-things-yollies-strawberry-yogurt-lollies/910001451015"}, {"title": "Nip+Fab Purify Teen Skin Fix Spot Zap 15ml", "product_code": "1000383188269", "was_price": null, "price": "7.95", "price_per_uom": "53.00/100", "volume": "15ml", "saver_label": "Any 2 for \u00a312 View all", "promo_rewards": null, "product_href": "https://groceries.asda.com/product/young-skin-care/nip-fab-purify-teen-skin-fix-spot-zap-15-ml/1000383188269"}, {"title": "Gillette Fusion5 Razor for Men, 1 Razor, 10 Blade Refills", "product_code": "1000383164099", "was_price": "28.00", "price": "23.00", "price_per_uom": "23.00/", "volume": "each", "saver_label": null, "promo_rewards": null, "product_href": "https://groceries.asda.com/product/mens-razors-blades/gillette-fusion-5-razor-for-men-1-razor-10-blade-refills/1000383164099"}, {"title": "Colgate Max White Ultimate Renewal Whitening Toothpaste", "product_code": "1000275697824", "was_price": "24.00", "price": "16.00", "price_per_uom": "21.33/100", "volume": "75ml", "saver_label": null, "promo_rewards": null, "product_href": "https://groceries.asda.com/product/whitening-toothpaste/colgate-max-white-ultimate-renewal-whitening-toothpaste/1000275697824"}, {"title": "Bahlsen Choco Leibniz White Biscuit 111g", "product_code": "1000383177949", "was_price": "1.85", "price": "1.25", "price_per_uom": "1.13/100", "volume": "111g", "saver_label": null, "promo_rewards": null, "product_href": "https://groceries.asda.com/product/luxury-chocolate-biscuits/bahlsen-choco-leibniz-white-biscuit-111-g/1000383177949"}, {"title": "George Home Star Dad Single Mug", "product_code": "1000328867833", "was_price": "2.50", "price": "2.00", "price_per_uom": "2.00/", "volume": "each", "saver_label": null, "promo_rewards": null, "product_href": "https://groceries.asda.com/product/single-mugs/george-home-star-dad-single-mug/1000328867833"}, {"title": "19 Crimes Red Wine", "product_code": "910001812093", "was_price": null, "price": "9.50", "price_per_uom": "9.50/753", "volume": "75cl", "saver_label": null, "promo_rewards": null, "product_href": "https://groceries.asda.com/product/all-other-grapes/19-crimes-red-wine/910001812093"}, {"title": "OFFICIAL COCOMELON PEEKABOO PLAYTIME: A LIFT-THE-FLAP BOOK by Cocomelon", "product_code": "1000383237630", "was_price": null, "price": "4.50", "price_per_uom": "4.50/", "volume": "each", "saver_label": "Any 2 for \u00a37 View all", "promo_rewards": null, "product_href": "https://groceries.asda.com/product/kids-books/official-cocomelon-peekaboo-playtime-a-lift-the-flap-book-by-cocomelon/1000383237630"}, {"title": "L'Oreal Paris True Match The One Concealer 7W Golden Amber", "product_code": "1000000984927", "was_price": null, "price": "8.95", "price_per_uom": "5.59/10", "volume": "16g", "saver_label": null, "promo_rewards": null, "product_href": "https://groceries.asda.com/product/concealer/l-oreal-paris-true-match-the-one-concealer-7-w-golden-amber/1000000984927"}, {"title": "Rimmel London Super Gel Nail Polish 033 R&B Rose 12ml", "product_code": "1000308025629", "was_price": null, "price": "6.95", "price_per_uom": "5.79/10", "volume": "12ml", "saver_label": null, "promo_rewards": null, "product_href": "https://groceries.asda.com/product/nail-polish/rimmel-london-super-gel-nail-polish-033-r-b-rose-12-ml/1000308025629"}, {"title": "Tango Orange Cans", "product_code": "910001345408", "was_price": null, "price": "3.35", "price_per_uom": "12.7/100", "volume": "8x330", "saver_label": null, "promo_rewards": null, "product_href": "https://groceries.asda.com/product/regular-flavoured-fizzy-drinks/tango-orange-cans/910001345408"}, {"title": "George Home New Home Card", "product_code": "1000383165482", "was_price": null, "price": "1.50", "price_per_uom": "1.50/", "volume": "each", "saver_label": "Any 3 for \u00a33 View all", "promo_rewards": null, "product_href": "https://groceries.asda.com/product/greeting-cards/george-home-new-home-card/1000383165482"}, {"title": "Holland's Cheese & Onion Pie", "product_code": "393134", "was_price": "1.60", "price": "1.00", "price_per_uom": "54.0/100", "volume": "185g", "saver_label": null, "promo_rewards": null, "product_href": "https://groceries.asda.com/product/pies/hollands-cheese-onion-pie/393134"}, {"title": "So...? Red Velvet Body Mist", "product_code": "1000197663686", "was_price": "3.00", "price": "2.50", "price_per_uom": "2.50/100", "volume": "100ml", "saver_label": null, "promo_rewards": null, "product_href": "https://groceries.asda.com/product/womens-body-spray-mists/so-red-velvet-body-mist/1000197663686"}, {"title": "Twister Ice Lolly Fruit Zingerrr 4 x 70 ml", "product_code": "1000383155243", "was_price": null, "price": "2.50", "price_per_uom": "89.3/100", "volume": "280ml", "saver_label": "Any 2 for \u00a34 View all", "promo_rewards": null, "product_href": "https://groceries.asda.com/product/ice-lollies/twister-ice-lolly-fruit-zingerrr-4-x-70-ml/1000383155243"}, {"title": "Heinz Banana Biscotti Baby Food Snacks 7+ Months", "product_code": "910000387334", "was_price": null, "price": "1.00", "price_per_uom": "1.67/100", "volume": "60g", "saver_label": null, "promo_rewards": null, "product_href": "https://groceries.asda.com/product/baby-snacks-under-12-months/heinz-banana-biscotti-baby-food-snacks-7-months/910000387334"}, {"title": "Piccolo Organic Pure Plum 4 Months+", "product_code": "1000383144795", "was_price": "1.00", "price": "0.80", "price_per_uom": "1.14/100", "volume": "70g", "saver_label": null, "promo_rewards": null, "product_href": "https://groceries.asda.com/product/pouches/piccolo-organic-pure-plum-4-months/1000383144795"}, {"title": "Bisto Best Vegetable Gravy", "product_code": "1000383135980", "was_price": "4.00", "price": "3.00", "price_per_uom": "1.30/100", "volume": "230g", "saver_label": null, "promo_rewards": null, "product_href": "https://groceries.asda.com/product/gravy/bisto-best-vegetable-gravy/1000383135980"}, {"title": "Old Speckled Hen English Pale Ale", "product_code": "1000383186802", "was_price": null, "price": "6.00", "price_per_uom": "3.00/", "volume": "4x500", "saver_label": "Any 2 for \u00a310 View all", "promo_rewards": null, "product_href": "https://groceries.asda.com/product/pale-ales/old-speckled-hen-english-pale-ale/1000383186802"}, {"title": "Energizer Power Plus Rechargeable Alkaline AAA Batteries", "product_code": "910002578803", "was_price": null, "price": "13.00", "price_per_uom": "3.25/", "volume": "4pk", "saver_label": "Any 2 for \u00a318 View all", "promo_rewards": null, "product_href": "https://groceries.asda.com/product/rechargeable-batteries-chargers/energizer-power-plus-rechargeable-alkaline-aaa-batteries/910002578803"}, {"title": "ASDA 6 Cracked Black Pepper Cheddar Cheese Slices", "product_code": "1000211461107", "was_price": null, "price": "2.50", "price_per_uom": "13.89/", "volume": "180g", "saver_label": "Any 2 for \u00a34 View all", "promo_rewards": null, "product_href": "https://groceries.asda.com/product/cheese-slices/asda-6-cracked-black-pepper-cheddar-cheese-slices/1000211461107"}, {"title": "Indus Peri Peri Hot Chilli Sauce", "product_code": "1000383112089", "was_price": "1.75", "price": "1.50", "price_per_uom": "35.5/100", "volume": "422g", "saver_label": null, "promo_rewards": null, "product_href": "https://groceries.asda.com/product/indian-asian-cooking-ingredients/indus-peri-peri-hot-chilli-sauce/1000383112089"}, {"title": "Piccolo Organic Mango, Pear, Apple & Kale 6+ Months", "product_code": "1000383144710", "was_price": null, "price": "1.40", "price_per_uom": "1.40/100", "volume": "100g", "saver_label": "Any 4 for \u00a34.50 View all", "promo_rewards": null, "product_href": "https://groceries.asda.com/product/pouches/piccolo-organic-mango-pear-apple-kale-6-months/1000383144710"}, {"title": "L'Oreal Elvive Extraordinary Oil Coconut Shampoo for Weightless Nourishing Normal to Dry Hair", "product_code": "1000010978156", "was_price": "3.75", "price": "2.50", "price_per_uom": "83.3/100", "volume": "300ml", "saver_label": null, "promo_rewards": null, "product_href": "https://groceries.asda.com/product/shampoo/l-oreal-elvive-extraordinary-oil-coconut-shampoo-for-weightless-nourishing-normal-to-dry-hair/1000010978156"}, {"title": "Original Source Mint & Tea Tree Shower Gel", "product_code": "23755918", "was_price": "1.50", "price": "1.00", "price_per_uom": "40.0/100", "volume": "250ml", "saver_label": null, "promo_rewards": null, "product_href": "https://groceries.asda.com/product/shower-gel-body-wash/original-source-mint-tea-tree-shower-gel/23755918"}, {"title": "Jameson Triple Distilled Blended Irish Whiskey", "product_code": "54805155", "was_price": "33.00", "price": "28.00", "price_per_uom": "28.00/", "volume": "1l", "saver_label": null, "promo_rewards": null, "product_href": "https://groceries.asda.com/product/irish-whiskey/jameson-triple-distilled-blended-irish-whiskey/54805155"}, {"title": "Dove Nourishing Body Care Pro Age Body Lotion", "product_code": "1000111203405", "was_price": "8.00", "price": "4.00", "price_per_uom": "1.00/100", "volume": "400ml", "saver_label": null, "promo_rewards": null, "product_href": "https://groceries.asda.com/product/body-lotion-cream/dove-nourishing-body-care-pro-age-body-lotion/1000111203405"}, {"title": "George Home Green Ultra Plush Antimicrobial Bath Towel", "product_code": "1000383206310", "was_price": "8.00", "price": "6.00", "price_per_uom": "6.00/", "volume": "70x130", "saver_label": null, "promo_rewards": null, "product_href": "https://groceries.asda.com/product/bath-towels/george-home-green-ultra-plush-antimicrobial-bath-towel/1000383206310"}, {"title": "Energizer Max AA Batteries, Alkaline, 12 Pack", "product_code": "1000383191243", "was_price": "9.00", "price": "6.00", "price_per_uom": "50.0/", "volume": "12pk", "saver_label": null, "promo_rewards": null, "product_href": "https://groceries.asda.com/product/aa-batteries/energizer-max-aa-batteries-alkaline-12-pack/1000383191243"}, {"title": "Rimmel London Scandaleyes Exaggerate Eye Definer 001 Intense Black 0.35g", "product_code": "1000308025732", "was_price": null, "price": "4.95", "price_per_uom": "141.43/10", "volume": "0.35g", "saver_label": "Any 2 for \u00a38 View all", "promo_rewards": null, "product_href": "https://groceries.asda.com/product/eyeliner/rimmel-london-scandaleyes-exaggerate-eye-definer-001-intense-black-0-35-g/1000308025732"}, {"title": "Copella Cloudy Apple Fruit Juice", "product_code": "1000344534182", "was_price": "3.75", "price": "3.00", "price_per_uom": "22.2/100", "volume": "1.35l", "saver_label": null, "promo_rewards": null, "product_href": "https://groceries.asda.com/product/apple-juice/copella-cloudy-apple-fruit-juice/1000344534182"}, {"title": "Barefoot Moscato", "product_code": "1000210251463", "was_price": "7.00", "price": "6.00", "price_per_uom": "6.00/753", "volume": "75cl", "saver_label": null, "promo_rewards": null, "product_href": "https://groceries.asda.com/product/all-other-grapes/barefoot-moscato/1000210251463"}, {"title": "Complan Summer Strawberry Nutritious Vitamin Rich Drink", "product_code": "910001484442", "was_price": null, "price": "5.00", "price_per_uom": "22.73/", "volume": "220g", "saver_label": null, "promo_rewards": null, "product_href": "https://groceries.asda.com/product/energy-fatigue-vitamins/complan-summer-strawberry-nutritious-vitamin-rich-drink/910001484442"}, {"title": "Thorntons Continental Milk, Dark, White Chocolate Gift Box", "product_code": "1000300941025", "was_price": "11.00", "price": "8.00", "price_per_uom": "3.03/100", "volume": "264g", "saver_label": null, "promo_rewards": null, "product_href": "https://groceries.asda.com/product/boxes-of-chocolates/thorntons-continental-milk-dark-white-chocolate-gift-box/1000300941025"}, {"title": "Schwartz Creamy Pepper Sauce Mix", "product_code": "28453", "was_price": null, "price": "0.95", "price_per_uom": "3.80/100", "volume": "25g", "saver_label": "Any 4 for \u00a32.50 View all", "promo_rewards": null, "product_href": "https://groceries.asda.com/product/pour-over-sauces/schwartz-creamy-pepper-sauce-mix/28453"}, {"title": "Old El Paso Mexican Squeezy Chunky Guacamole", "product_code": "910002006317", "was_price": null, "price": "2.55", "price_per_uom": "1.06/100", "volume": "240g", "saver_label": "Any 2 for \u00a33 View all", "promo_rewards": null, "product_href": "https://groceries.asda.com/product/nachos-dips/old-el-paso-mexican-squeezy-chunky-guacamole/910002006317"}, {"title": "Cadbury Flake Chocolate Bar 4 Pack", "product_code": "910000271179", "was_price": "1.65", "price": "1.50", "price_per_uom": "1.47/100", "volume": "4x25.5", "saver_label": null, "promo_rewards": null, "product_href": "https://groceries.asda.com/product/multipack-chocolate/cadbury-flake-chocolate-bar-4-pack/910000271179"}, {"title": "Rimmel London Lasting Radiance Foundation, Classic Beige", "product_code": "1000118762442", "was_price": null, "price": "10.95", "price_per_uom": "3.65/10", "volume": "30ml", "saver_label": null, "promo_rewards": null, "product_href": "https://groceries.asda.com/product/foundation-bb-cc-cream/rimmel-london-lasting-radiance-foundation-classic-beige/1000118762442"}, {"title": "Hellmann's Garlic and Herb Sauce", "product_code": "910002418857", "was_price": null, "price": "2.60", "price_per_uom": "1.04/100", "volume": "250ml", "saver_label": "Any 2 for \u00a34 View all", "promo_rewards": null, "product_href": "https://groceries.asda.com/product/bbq-burger-sauces/hellmanns-garlic-and-herb-sauce/910002418857"}, {"title": "L'Oreal Excellence Universal Nudes Universal Brown 4U with Complexion Flattering Reflects", "product_code": "1000383118237", "was_price": null, "price": "11.00", "price_per_uom": "11.00/", "volume": "each", "saver_label": "Any 2 for \u00a315 View all", "promo_rewards": null, "product_href": "https://groceries.asda.com/product/permanent-hair-dye/l-oreal-excellence-universal-nudes-universal-brown-4-u-with-complexion-flattering-reflects/1000383118237"}, {"title": "Fillipo Sansovino Chardonnay Pinot Grigio 75cl", "product_code": "1000383226626", "was_price": null, "price": "5.45", "price_per_uom": "5.45/753", "volume": "75cl", "saver_label": "Any 2 for \u00a310 View all", "promo_rewards": null, "product_href": "https://groceries.asda.com/product/pinot-grigio/fillipo-sansovino-chardonnay-pinot-grigio-75-cl/1000383226626"}, {"title": "Corsodyl Complete Protection Gum Care Toothpaste Extra Fresh", "product_code": "1000108538648", "was_price": "5.00", "price": "3.50", "price_per_uom": "4.67/100", "volume": "75ml", "saver_label": null, "promo_rewards": null, "product_href": "https://groceries.asda.com/product/healthier-gums/corsodyl-complete-protection-gum-care-toothpaste-extra-fresh/1000108538648"}, {"title": "Rimmel London Lasting Mega Matte Liquid Lipstick 600 Coral Sass", "product_code": "1000383191049", "was_price": null, "price": "7.95", "price_per_uom": "10.74/10", "volume": "7.4ml", "saver_label": "Any 2 for \u00a312 View all", "promo_rewards": null, "product_href": "https://groceries.asda.com/product/lipstick/rimmel-london-lasting-mega-matte-liquid-lipstick-600-coral-sass/1000383191049"}, {"title": "Taylors of Harrogate Yorkshire Tea Toast & Jam Brew 40 Teabags", "product_code": "1000231365509", "was_price": "2.25", "price": "2.00", "price_per_uom": "1.60/100", "volume": "40pk", "saver_label": null, "promo_rewards": null, "product_href": "https://groceries.asda.com/product/everyday-tea/taylors-of-harrogate-yorkshire-tea-toast-jam-brew-40-teabags/1000231365509"}, {"title": "Duck Rimblock 28.6g Garden Escape", "product_code": "1000383220453", "was_price": null, "price": "1.50", "price_per_uom": "1.50/", "volume": "38.6ml", "saver_label": null, "promo_rewards": null, "product_href": "https://groceries.asda.com/product/toilet-cleaners-rimblocks-gels/duck-rimblock-28-6-g-garden-escape/1000383220453"}, {"title": "Nuii Caramel White Chocolate & Texan Pecan Ice Cream 3 x 90ml", "product_code": "1000263578043", "was_price": null, "price": "4.00", "price_per_uom": "1.48/100", "volume": "3x90ml", "saver_label": "Any 2 for \u00a35 View all", "promo_rewards": null, "product_href": "https://groceries.asda.com/product/ice-cream-cones-sticks-bars/nuii-caramel-white-chocolate-texan-pecan-ice-cream-3-x-90-ml/1000263578043"}, {"title": "Fridge Raiders Poppers Cheesy Nacho Chicken Snack Bites 68g", "product_code": "1000383217154", "was_price": "1.25", "price": "1.00", "price_per_uom": "1.47/100", "volume": "68g", "saver_label": null, "promo_rewards": "Star product", "product_href": "https://groceries.asda.com/product/pork-chicken-beef-snacks/fridge-raiders-poppers-cheesy-nacho-chicken-snack-bites-68-g/1000383217154"}, {"title": "Port Royal Jamaican Lamb Patty", "product_code": "910001653162", "was_price": null, "price": "1.30", "price_per_uom": "9.29/", "volume": "140g", "saver_label": null, "promo_rewards": null, "product_href": "https://groceries.asda.com/product/african-caribbean-meat-patties/port-royal-jamaican-lamb-patty/910001653162"}, {"title": "Alibi Max Crispy Bar with Rice Crisps and Caramel in Milk Chocolate", "product_code": "1000325650211", "was_price": "0.50", "price": "0.45", "price_per_uom": "91.8/100", "volume": "49g", "saver_label": null, "promo_rewards": null, "product_href": "https://groceries.asda.com/product/african-caribbean-snacks-plantain/alibi-max-crispy-bar-with-rice-crisps-and-caramel-in-milk-chocolate/1000325650211"}, {"title": "Bom Bahia by ASDA Keralan Style Fried Chicken 240g", "product_code": "1000383193084", "was_price": null, "price": "5.00", "price_per_uom": "20.83/", "volume": "240g", "saver_label": null, "promo_rewards": null, "product_href": "https://groceries.asda.com/product/indian/bom-bahia-by-asda-keralan-style-fried-chicken-240-g/1000383193084"}, {"title": "Colgate White Teeth Toothpaste", "product_code": "1000383162218", "was_price": null, "price": "0.99", "price_per_uom": "1.32/100", "volume": "75ml", "saver_label": null, "promo_rewards": null, "product_href": "https://groceries.asda.com/product/whitening-toothpaste/colgate-white-teeth-toothpaste/1000383162218"}, {"title": "ASDA Crunchy & Sweet Carrots", "product_code": "30240", "was_price": null, "price": "0.65", "price_per_uom": "65.0/", "volume": "1kg", "saver_label": null, "promo_rewards": null, "product_href": "https://groceries.asda.com/product/carrots-root-vegetables/asda-crunchy-sweet-carrots/30240"}, {"title": "ASDA Anti Bacterial Washing Up Liquid", "product_code": "1000131471932", "was_price": null, "price": "0.79", "price_per_uom": "1.58/", "volume": "500ml", "saver_label": null, "promo_rewards": null, "product_href": "https://groceries.asda.com/product/washing-up-liquid/asda-anti-bacterial-washing-up-liquid/1000131471932"}, {"title": "George Home King Of Everything Single Mug", "product_code": "1000299406447", "was_price": "2.50", "price": "2.00", "price_per_uom": "2.00/", "volume": "each", "saver_label": null, "promo_rewards": null, "product_href": "https://groceries.asda.com/product/single-mugs/george-home-king-of-everything-single-mug/1000299406447"}, {"title": "Bahlsen Choco Leibniz Orange 111g", "product_code": "1000383178038", "was_price": "1.85", "price": "1.25", "price_per_uom": "1.13/100", "volume": "111g", "saver_label": null, "promo_rewards": null, "product_href": "https://groceries.asda.com/product/luxury-chocolate-biscuits/bahlsen-choco-leibniz-orange-111-g/1000383178038"}, {"title": "Rimmel London Volume Flash X10 Mascara Extreme Black", "product_code": "910000058166", "was_price": null, "price": "7.95", "price_per_uom": "9.94/10", "volume": "8ml", "saver_label": null, "promo_rewards": null, "product_href": "https://groceries.asda.com/product/mascara/rimmel-london-volume-flash-x-10-mascara-extreme-black/910000058166"}, {"title": "Maybelline Superstay Matte Ink Crayon Lipstick 95 Talk The Talk", "product_code": "1000292892582", "was_price": null, "price": "10.00", "price_per_uom": "7.04/10", "volume": "14.2g", "saver_label": null, "promo_rewards": null, "product_href": "https://groceries.asda.com/product/lipstick/maybelline-superstay-matte-ink-crayon-lipstick-95-talk-the-talk/1000292892582"}, {"title": "ASDA Chinese Style Chicken Wings", "product_code": "1000383160071", "was_price": null, "price": "2.95", "price_per_uom": "98.3/100", "volume": "300g", "saver_label": "Any 3 for \u00a37 View all", "promo_rewards": null, "product_href": "https://groceries.asda.com/product/drumsticks-wings/asda-chinese-style-chicken-wings/1000383160071"}, {"title": "Olay Anti-Wrinkle Firm & Lift Night Cream, For Fine Lines & Wrinkles,50ml", "product_code": "1000383231444", "was_price": "14.00", "price": "6.50", "price_per_uom": "13.00/100", "volume": "50ml", "saver_label": null, "promo_rewards": null, "product_href": "https://groceries.asda.com/product/anti-ageing-face-cream-moisturiser/olay-anti-wrinkle-firm-lift-night-cream-for-fine-lines-wrinkles-50-ml/1000383231444"}, {"title": "Rimmel London Lasting Finish Matte Lipstick 710 Honey Nude 2.3g", "product_code": "1000308025707", "was_price": null, "price": "6.95", "price_per_uom": "30.22/10", "volume": "2.3g", "saver_label": null, "promo_rewards": null, "product_href": "https://groceries.asda.com/product/lipstick/rimmel-london-lasting-finish-matte-lipstick-710-honey-nude-2-3-g/1000308025707"}, {"title": "Haagen-Dazs Cookies & Cream Ice Cream Bars 3 x 80ml", "product_code": "1000383209897", "was_price": "4.20", "price": "3.00", "price_per_uom": "1.25/100", "volume": "3x80ml", "saver_label": null, "promo_rewards": "Star product", "product_href": "https://groceries.asda.com/product/luxury-ice-cream-tubs/haagen-dazs-cookies-cream-ice-cream-bars-3-x-80-ml/1000383209897"}, {"title": "Highland Spring Still Spring Water Bottles", "product_code": "910000887085", "was_price": "4.00", "price": "3.50", "price_per_uom": "3.9/100", "volume": "6x1.5", "saver_label": null, "promo_rewards": null, "product_href": "https://groceries.asda.com/product/still-water/highland-spring-still-spring-water-bottles/910000887085"}, {"title": "Scoville White 20L Manual Microwave", "product_code": "1000383184353", "was_price": "65.00", "price": "50.00", "price_per_uom": "50.00/", "volume": "20l", "saver_label": null, "promo_rewards": null, "product_href": "https://groceries.asda.com/product/microwaves/scoville-white-20-l-manual-microwave/1000383184353"}, {"title": "John West No Drain Fridge Pot Tuna Steak with a Little Brine", "product_code": "1000049687455", "was_price": "2.00", "price": "1.50", "price_per_uom": "1.36/100", "volume": "110g", "saver_label": null, "promo_rewards": null, "product_href": "https://groceries.asda.com/product/tuna/john-west-no-drain-fridge-pot-tuna-steak-with-a-little-brine/1000049687455"}, {"title": "Star Wars Baby Yoda The Child Plush", "product_code": "1000319265943", "was_price": "10.00", "price": "8.00", "price_per_uom": "8.00/", "volume": "each", "saver_label": null, "promo_rewards": null, "product_href": "https://groceries.asda.com/product/dolls-soft-toys/star-wars-baby-yoda-the-child-plush/1000319265943"}, {"title": "Beavertown Lupuloid IPA 440ml", "product_code": "1000383210540", "was_price": null, "price": "4.00", "price_per_uom": "9.09/", "volume": "440ml", "saver_label": "4 for 3 View all", "promo_rewards": null, "product_href": "https://groceries.asda.com/product/ip-as/beavertown-lupuloid-ipa-440-ml/1000383210540"}, {"title": "Naked Rainbow Machine Super Smoothie Mango, Kiwi, Apple & Blackberry", "product_code": "1000318360113", "was_price": null, "price": "2.30", "price_per_uom": "76.7/100", "volume": "300ml", "saver_label": "3 for 2 View all", "promo_rewards": null, "product_href": "https://groceries.asda.com/product/drinks/naked-rainbow-machine-super-smoothie-mango-kiwi-apple-blackberry/1000318360113"}, {"title": "ASDA Extra Special 8 New York Deli Style Hot Dog Sausages", "product_code": "1000351252753", "was_price": null, "price": "4.50", "price_per_uom": "7.03/", "volume": "640g", "saver_label": "Any 2 for \u00a38 View all", "promo_rewards": null, "product_href": "https://groceries.asda.com/product/extra-special-bacon-sausages/asda-extra-special-8-new-york-deli-style-hot-dog-sausages/1000351252753"}, {"title": "Paperback Little Girl Lost by Casey Watson", "product_code": "1000383235215", "was_price": null, "price": "5.00", "price_per_uom": "5.00/", "volume": "each", "saver_label": "Any 2 for \u00a39 View all", "promo_rewards": null, "product_href": "https://groceries.asda.com/product/paperback-books/paperback-little-girl-lost-by-casey-watson/1000383235215"}, {"title": "Rimmel Ultimate Boost Volume Mascara Primer 12ml", "product_code": "1000159964065", "was_price": null, "price": "7.95", "price_per_uom": "6.62/10", "volume": "12ml", "saver_label": null, "promo_rewards": null, "product_href": "https://groceries.asda.com/product/mascara/rimmel-ultimate-boost-volume-mascara-primer-12-ml/1000159964065"}, {"title": "Chewy Vites Real Fruit Juice Kids Immune Support 3+ Years 30 Gummies One A Day", "product_code": "1000359738195", "was_price": null, "price": "5.00", "price_per_uom": "16.7/", "volume": "30pk", "saver_label": "3 for 2 View all", "promo_rewards": null, "product_href": "https://groceries.asda.com/product/childrens-vitamins/chewy-vites-real-fruit-juice-kids-immune-support-3-years-30-gummies-one-a-day/1000359738195"}, {"title": "Batiste Blush Dry Shampoo", "product_code": "910000919213", "was_price": null, "price": "3.25", "price_per_uom": "1.62/100", "volume": "200ml", "saver_label": "Any 2 for \u00a35 View all", "promo_rewards": null, "product_href": "https://groceries.asda.com/product/dry-shampoo/batiste-blush-dry-shampoo/910000919213"}, {"title": "Maybelline Fit Me Matte & Poreless Foundation 100 Warm Ivory", "product_code": "910002933865", "was_price": null, "price": "9.00", "price_per_uom": "2.14/10", "volume": "42g", "saver_label": "Any 2 for \u00a312 View all", "promo_rewards": null, "product_href": "https://groceries.asda.com/product/foundation-bb-cc-cream/maybelline-fit-me-matte-poreless-foundation-100-warm-ivory/910002933865"}, {"title": "Rimmel London Match Perfection Foundation 90 Porcelain", "product_code": "1000018541286", "was_price": null, "price": "9.95", "price_per_uom": "3.32/10", "volume": "30ml", "saver_label": null, "promo_rewards": null, "product_href": "https://groceries.asda.com/product/foundation-bb-cc-cream/rimmel-london-match-perfection-foundation-90-porcelain/1000018541286"}, {"title": "Aveeno Baby Soothing Relief Emollient Cream", "product_code": "1000383118757", "was_price": "7.50", "price": "5.00", "price_per_uom": "3.33/100", "volume": "150ml", "saver_label": null, "promo_rewards": null, "product_href": "https://groceries.asda.com/product/baby-childrens-bath-shower/aveeno-baby-soothing-relief-emollient-cream/1000383118757"}, {"title": "Pringles Cheese & Onion Sharing Crisps", "product_code": "1000383182389", "was_price": "2.25", "price": "1.50", "price_per_uom": "81.1/100", "volume": "185g", "saver_label": null, "promo_rewards": null, "product_href": "https://groceries.asda.com/product/pringles-tube-snacks/pringles-cheese-onion-sharing-crisps/1000383182389"}, {"title": "ASDA Smoky Carbonara Pasta Sauce", "product_code": "1000383134524", "was_price": null, "price": "1.90", "price_per_uom": "54.3/100", "volume": "350g", "saver_label": "Any 2 for \u00a33.50 View all", "promo_rewards": null, "product_href": "https://groceries.asda.com/product/fresh-pasta-sauce/asda-smoky-carbonara-pasta-sauce/1000383134524"}, {"title": "Birds Eye 6 Sweet & Sticky BBQ Chicken Chargrills", "product_code": "1000221787714", "was_price": "5.65", "price": "2.82", "price_per_uom": "5.40/", "volume": "522g", "saver_label": null, "promo_rewards": null, "product_href": "https://groceries.asda.com/product/breaded-fillets-grills/birds-eye-6-sweet-sticky-bbq-chicken-chargrills/1000221787714"}, {"title": "Frylight 1 Cal Sunflower Oil Cooking Spray", "product_code": "910000856251", "was_price": "2.75", "price": "1.75", "price_per_uom": "92.1/100", "volume": "190ml", "saver_label": null, "promo_rewards": null, "product_href": "https://groceries.asda.com/product/spray-oil/frylight-1-cal-sunflower-oil-cooking-spray/910000856251"}, {"title": "ASDA Smoky Chicken & Chorizo Empanadas 108g", "product_code": "1000383196769", "was_price": null, "price": "3.00", "price_per_uom": "2.78/100", "volume": "108g", "saver_label": "Any 3 for \u00a37 View all", "promo_rewards": null, "product_href": "https://groceries.asda.com/product/tapas-antipasti/asda-smoky-chicken-chorizo-empanadas-108-g/1000383196769"}, {"title": "Erdinger Weissbier Wheat Beer", "product_code": "1181397", "was_price": null, "price": "2.25", "price_per_uom": "4.50/", "volume": "500ml", "saver_label": "4 for 3 View all", "promo_rewards": null, "product_href": "https://groceries.asda.com/product/speciality-world-craft-beer/erdinger-weissbier-wheat-beer/1181397"}, {"title": "Air Wick Pure Reed Diffuser Spring Delight 25ml", "product_code": "1000059825540", "was_price": "6.75", "price": "4.00", "price_per_uom": "4.00/", "volume": "33ml", "saver_label": null, "promo_rewards": null, "product_href": "https://groceries.asda.com/product/view-all-reed-diffusers/air-wick-pure-reed-diffuser-spring-delight-25-ml/1000059825540"}, {"title": "Harpic Active Fresh Toilet Cleaner Gel, Pink Blossom Scent", "product_code": "910001238542", "was_price": null, "price": "1.30", "price_per_uom": "1.73/", "volume": "750ml", "saver_label": null, "promo_rewards": null, "product_href": "https://groceries.asda.com/product/toilet-cleaners-rimblocks-gels/harpic-active-fresh-toilet-cleaner-gel-pink-blossom-scent/910001238542"}, {"title": "ASDA Wafer Thin Cooked Chicken Approx 40 Slices", "product_code": "1000129611136", "was_price": "2.75", "price": "2.50", "price_per_uom": "62.5/100", "volume": "400g", "saver_label": null, "promo_rewards": "Star product", "product_href": "https://groceries.asda.com/product/chicken-turkey-slices/asda-wafer-thin-cooked-chicken-approx-40-slices/1000129611136"}, {"title": "Garnier Ambre Solaire SPF 50+ Sensitive Advanced Kids Lotion", "product_code": "1000383170839", "was_price": "16.00", "price": "8.00", "price_per_uom": "4.57/100", "volume": "175ml", "saver_label": null, "promo_rewards": null, "product_href": "https://groceries.asda.com/product/sun-cream-lotion-sprays/garnier-ambre-solaire-spf-50-sensitive-advanced-kids-lotion/1000383170839"}, {"title": "Vitabiotics Ultra Magnesium 60 Tablets", "product_code": "1000290068025", "was_price": null, "price": "5.50", "price_per_uom": "9.2/", "volume": "60pk", "saver_label": "3 for 2 View all", "promo_rewards": null, "product_href": "https://groceries.asda.com/product/joints-bone-care-vitamins/vitabiotics-ultra-magnesium-60-tablets/1000290068025"}, {"title": "Plantastic 5 Millionaire Flapjacks Slices Choc & Caramel", "product_code": "1000383160522", "was_price": "2.25", "price": "1.00", "price_per_uom": "20.0/", "volume": "5pk", "saver_label": null, "promo_rewards": null, "product_href": "https://groceries.asda.com/product/flapjacks-fancies-whirls/plantastic-5-millionaire-flapjacks-slices-choc-caramel/1000383160522"}, {"title": "Schweppes Ginger Ale", "product_code": "31545313", "was_price": null, "price": "1.75", "price_per_uom": "17.5/100", "volume": "1l", "saver_label": "Any 2 for \u00a32.50 View all", "promo_rewards": null, "product_href": "https://groceries.asda.com/product/mixers/schweppes-ginger-ale/31545313"}, {"title": "House of Yum by ASDA Char-Siu Roast Pork 400g", "product_code": "1000383193140", "was_price": null, "price": "5.00", "price_per_uom": "12.50/", "volume": "400g", "saver_label": null, "promo_rewards": null, "product_href": "https://groceries.asda.com/product/chinese-asian/house-of-yum-by-asda-char-siu-roast-pork-400-g/1000383193140"}, {"title": "Le Cellier de Saint Louis Coteaux Varois en Provence Ros\u00e9", "product_code": "1000067252647", "was_price": null, "price": "8.00", "price_per_uom": "8.00/753", "volume": "75cl", "saver_label": null, "promo_rewards": null, "product_href": "https://groceries.asda.com/product/rose-wine/le-cellier-de-saint-louis-coteaux-varois-en-provence-rose/1000067252647"}, {"title": "Paperback The Book of Fire by Christy Lefteri", "product_code": "1000383238895", "was_price": null, "price": "5.50", "price_per_uom": "5.50/", "volume": "each", "saver_label": "Any 2 for \u00a39 View all", "promo_rewards": null, "product_href": "https://groceries.asda.com/product/paperback-books/paperback-the-book-of-fire-by-christy-lefteri/1000383238895"}, {"title": "Pedigree Jumbone Adult Medium Dog Treat Beef & Poultry 2 Chews", "product_code": "1000192317734", "was_price": null, "price": "1.29", "price_per_uom": "7.17/", "volume": "2pk", "saver_label": "Any 3 for \u00a33 View all", "promo_rewards": null, "product_href": "https://groceries.asda.com/product/rewarding-treats/pedigree-jumbone-adult-medium-dog-treat-beef-poultry-2-chews/1000192317734"}, {"title": "Bistro by ASDA Beef Stroganoff with Wild Rice 400g", "product_code": "1000383192289", "was_price": null, "price": "4.00", "price_per_uom": "10.00/", "volume": "400g", "saver_label": "Any 2 for \u00a37 View all", "promo_rewards": null, "product_href": "https://groceries.asda.com/product/bistro-by-asda/bistro-by-asda-beef-stroganoff-with-wild-rice-400-g/1000383192289"}, {"title": "Rimmel London Lasting Finish Compact Foundation Ivory", "product_code": "1000383115262", "was_price": null, "price": "9.95", "price_per_uom": "14.21/10", "volume": "7g", "saver_label": null, "promo_rewards": null, "product_href": "https://groceries.asda.com/product/foundation-bb-cc-cream/rimmel-london-lasting-finish-compact-foundation-ivory/1000383115262"}, {"title": "Nicorette QuickMist Cool Berry 1mg Mouthspray", "product_code": "1000071331611", "was_price": "30.00", "price": "26.00", "price_per_uom": "13.00/", "volume": "2pk", "saver_label": null, "promo_rewards": null, "product_href": "https://groceries.asda.com/product/nicotine-sprays-inhalators/nicorette-quick-mist-cool-berry-1-mg-mouthspray/1000071331611"}, {"title": "ASDA Prawn Mayo on Oatmeal Bread", "product_code": "1000383175886", "was_price": null, "price": "2.50", "price_per_uom": "2.50/", "volume": "each", "saver_label": "3 for 2 View all", "promo_rewards": null, "product_href": "https://groceries.asda.com/product/sandwiches-salads-sushi/asda-prawn-mayo-on-oatmeal-bread/1000383175886"}, {"title": "Dina Paninette Wholemeal Bread Wraps", "product_code": "910000388107", "was_price": "1.00", "price": "0.85", "price_per_uom": "30.9/100", "volume": "5x55g", "saver_label": null, "promo_rewards": null, "product_href": "https://groceries.asda.com/product/wraps/dina-paninette-wholemeal-bread-wraps/910000388107"}, {"title": "Minecraft Blind Bag", "product_code": "1000261903223", "was_price": "2.50", "price": "2.00", "price_per_uom": "2.00/", "volume": "each", "saver_label": null, "promo_rewards": null, "product_href": "https://groceries.asda.com/product/collectibles/minecraft-blind-bag/1000261903223"}, {"title": "Gourmet Gold Tinned Cat Food Savoury Cake Chicken", "product_code": "1000143334789", "was_price": null, "price": "0.70", "price_per_uom": "8.24/", "volume": "85g", "saver_label": "Any 5 for \u00a32.90 View all", "promo_rewards": null, "product_href": "https://groceries.asda.com/product/premium-wet-cat-food/gourmet-gold-tinned-cat-food-savoury-cake-chicken/1000143334789"}, {"title": "Max Factor Lash Revival Mascara, Shade Black Brown 002", "product_code": "1000217105246", "was_price": null, "price": "12.98", "price_per_uom": "11.80/10", "volume": "11ml", "saver_label": "Any 2 for \u00a314 View all", "promo_rewards": null, "product_href": "https://groceries.asda.com/product/mascara/max-factor-lash-revival-mascara-shade-black-brown-002/1000217105246"}, {"title": "Garnier Olia 6.0 Light Brown Permanent Hair Dye", "product_code": "910000862421", "was_price": null, "price": "10.00", "price_per_uom": "10.00/", "volume": "each", "saver_label": "Any 2 for \u00a315 View all", "promo_rewards": null, "product_href": "https://groceries.asda.com/product/permanent-hair-dye/garnier-olia-6-0-light-brown-permanent-hair-dye/910000862421"}, {"title": "Innocent Orange Juice smooth 900ml", "product_code": "1000383167109", "was_price": "3.00", "price": "2.00", "price_per_uom": "22.2/100", "volume": "900ml", "saver_label": null, "promo_rewards": null, "product_href": "https://groceries.asda.com/product/orange-citrus-juice/innocent-orange-juice-smooth-900-ml/1000383167109"}, {"title": "McCain Street Fries Cheese & Bacon", "product_code": "1000316326487", "was_price": null, "price": "3.20", "price_per_uom": "10.67/", "volume": "300g", "saver_label": "Any 2 for \u00a34 View all", "promo_rewards": null, "product_href": "https://groceries.asda.com/product/chips-fries/mc-cain-street-fries-cheese-bacon/1000316326487"}, {"title": "Bisto Best Reduced Salt Beef Gravy Granules", "product_code": "1000383135879", "was_price": "4.00", "price": "3.00", "price_per_uom": "1.30/100", "volume": "230g", "saver_label": null, "promo_rewards": null, "product_href": "https://groceries.asda.com/product/gravy/bisto-best-reduced-salt-beef-gravy-granules/1000383135879"}, {"title": "George Home Friend Birthday Card", "product_code": "1000383166474", "was_price": null, "price": "1.50", "price_per_uom": "1.50/", "volume": "each", "saver_label": "Any 3 for \u00a33 View all", "promo_rewards": null, "product_href": "https://groceries.asda.com/product/greeting-cards/george-home-friend-birthday-card/1000383166474"}, {"title": "ASDA Vegetarian Pesto & Mozzarella Balls 300g", "product_code": "1000383232652", "was_price": null, "price": "3.00", "price_per_uom": "10.00/", "volume": "300g", "saver_label": "Any 2 for \u00a35 View all", "promo_rewards": null, "product_href": "https://groceries.asda.com/product/vegetarian-mince-burgers/asda-vegetarian-pesto-mozzarella-balls-300-g/1000383232652"}, {"title": "ASDA Extra Special Berry Granola", "product_code": "1000192317816", "was_price": "2.19", "price": "1.99", "price_per_uom": "39.8/100", "volume": "500g", "saver_label": null, "promo_rewards": null, "product_href": "https://groceries.asda.com/product/granola-crisp/asda-extra-special-berry-granola/1000192317816"}, {"title": "ASDA 10 Slices Honey Roast Dry Cured Ham", "product_code": "1000383183424", "was_price": "2.75", "price": "2.50", "price_per_uom": "1.00/100", "volume": "250g", "saver_label": null, "promo_rewards": "Star product", "product_href": "https://groceries.asda.com/product/ham-pork-slices/asda-10-slices-honey-roast-dry-cured-ham/1000383183424"}, {"title": "Wham 2L Grey Storage Basket", "product_code": "1000383164658", "was_price": "1.50", "price": "1.00", "price_per_uom": "1.00/", "volume": "2l", "saver_label": null, "promo_rewards": null, "product_href": "https://groceries.asda.com/product/storage/wham-2-l-grey-storage-basket/1000383164658"}, {"title": "Moss & Adams Luxury Handwash Windermere Lake", "product_code": "1000020329895", "was_price": "2.00", "price": "1.50", "price_per_uom": "30.0/100", "volume": "500ml", "saver_label": null, "promo_rewards": null, "product_href": "https://groceries.asda.com/product/hand-wash/moss-adams-luxury-handwash-windermere-lake/1000020329895"}, {"title": "ASDA Bistro 6 Tempura King Prawns 150g", "product_code": "1000383191455", "was_price": null, "price": "4.00", "price_per_uom": "26.67/", "volume": "150g", "saver_label": null, "promo_rewards": null, "product_href": "https://groceries.asda.com/product/bistro-by-asda/asda-bistro-6-tempura-king-prawns-150-g/1000383191455"}, {"title": "Clairol Nice'n Easy Non Permanent Hair Dye No Ammonia Medium Brown 765", "product_code": "1000102025668", "was_price": null, "price": "5.50", "price_per_uom": "5.50/", "volume": "each", "saver_label": "Any 2 for \u00a39 View all", "promo_rewards": null, "product_href": "https://groceries.asda.com/product/semi-permanent-hair-dye/clairol-nicen-easy-non-permanent-hair-dye-no-ammonia-medium-brown-765/1000102025668"}, {"title": "Roosters Brewery Pineapple & Grapefruit IPA", "product_code": "1000383163754", "was_price": null, "price": "3.00", "price_per_uom": "6.82/", "volume": "440ml", "saver_label": "4 for 3 View all", "promo_rewards": null, "product_href": "https://groceries.asda.com/product/ip-as/roosters-brewery-pineapple-grapefruit-ipa/1000383163754"}, {"title": "Domestos Thick Bleach Original 750 ml", "product_code": "19952", "was_price": null, "price": "1.50", "price_per_uom": "2.00/", "volume": "750ml", "saver_label": null, "promo_rewards": null, "product_href": "https://groceries.asda.com/product/bleach-disinfectants/domestos-thick-bleach-original-750-ml/19952"}, {"title": "ASDA Light & Fluffy Maris Piper Potatoes 2kg", "product_code": "1000383223686", "was_price": null, "price": "1.89", "price_per_uom": "94.5/", "volume": "2kg", "saver_label": null, "promo_rewards": null, "product_href": "https://groceries.asda.com/product/white-potatoes/asda-light-fluffy-maris-piper-potatoes-2-kg/1000383223686"}, {"title": "ASDA 30 Medium Drawstring Bin Liners (Swing) 50 Litres", "product_code": "1000275482843", "was_price": null, "price": "2.50", "price_per_uom": "8.3/", "volume": "30pk", "saver_label": null, "promo_rewards": null, "product_href": "https://groceries.asda.com/product/bin-bags-liners/asda-30-medium-drawstring-bin-liners-swing-50-litres/1000275482843"}]
